%YAML 1.1
%TAG !u! tag:unity3d.com,2011:
--- !u!1 &5041916543401734723
GameObject:
  m_ObjectHideFlags: 0
  m_CorrespondingSourceObject: {fileID: 0}
  m_PrefabInstance: {fileID: 0}
  m_PrefabAsset: {fileID: 0}
  serializedVersion: 6
  m_Component:
  - component: {fileID: 1390979308964536283}
  - component: {fileID: 6206719784292032623}
  - component: {fileID: 2787548929766461170}
  - component: {fileID: 5419811166981445211}
  m_Layer: 0
  m_Name: blob (2)
  m_TagString: Untagged
  m_Icon: {fileID: 0}
  m_NavMeshLayer: 0
  m_StaticEditorFlags: 0
  m_IsActive: 1
--- !u!4 &1390979308964536283
Transform:
  m_ObjectHideFlags: 0
  m_CorrespondingSourceObject: {fileID: 0}
  m_PrefabInstance: {fileID: 0}
  m_PrefabAsset: {fileID: 0}
  m_GameObject: {fileID: 5041916543401734723}
  m_LocalRotation: {x: -0, y: -0, z: -0, w: 1}
  m_LocalPosition: {x: -0.074, y: 0, z: 0}
  m_LocalScale: {x: 0.47431344, y: 0.43963, z: 0.37026998}
  m_Children: []
  m_Father: {fileID: 1648943363908138227}
  m_RootOrder: 3
  m_LocalEulerAnglesHint: {x: 0, y: 0, z: 0}
--- !u!33 &6206719784292032623
MeshFilter:
  m_ObjectHideFlags: 0
  m_CorrespondingSourceObject: {fileID: 0}
  m_PrefabInstance: {fileID: 0}
  m_PrefabAsset: {fileID: 0}
  m_GameObject: {fileID: 5041916543401734723}
  m_Mesh: {fileID: 10209, guid: 0000000000000000e000000000000000, type: 0}
--- !u!23 &2787548929766461170
MeshRenderer:
  m_ObjectHideFlags: 0
  m_CorrespondingSourceObject: {fileID: 0}
  m_PrefabInstance: {fileID: 0}
  m_PrefabAsset: {fileID: 0}
  m_GameObject: {fileID: 5041916543401734723}
  m_Enabled: 1
  m_CastShadows: 1
  m_ReceiveShadows: 1
  m_DynamicOccludee: 1
  m_MotionVectors: 1
  m_LightProbeUsage: 1
  m_ReflectionProbeUsage: 1
  m_RenderingLayerMask: 1
  m_RendererPriority: 0
  m_Materials:
  - {fileID: 2100000, guid: eb35b859b0b403446996d2e6d1a01d9b, type: 2}
  m_StaticBatchInfo:
    firstSubMesh: 0
    subMeshCount: 0
  m_StaticBatchRoot: {fileID: 0}
  m_ProbeAnchor: {fileID: 0}
  m_LightProbeVolumeOverride: {fileID: 0}
  m_ScaleInLightmap: 1
  m_PreserveUVs: 0
  m_IgnoreNormalsForChartDetection: 0
  m_ImportantGI: 0
  m_StitchLightmapSeams: 0
  m_SelectedEditorRenderState: 3
  m_MinimumChartSize: 4
  m_AutoUVMaxDistance: 0.5
  m_AutoUVMaxAngle: 89
  m_LightmapParameters: {fileID: 0}
  m_SortingLayerID: 0
  m_SortingLayer: 0
  m_SortingOrder: 0
--- !u!64 &5419811166981445211
MeshCollider:
  m_ObjectHideFlags: 0
  m_CorrespondingSourceObject: {fileID: 0}
  m_PrefabInstance: {fileID: 0}
  m_PrefabAsset: {fileID: 0}
  m_GameObject: {fileID: 5041916543401734723}
  m_Material: {fileID: 0}
  m_IsTrigger: 0
  m_Enabled: 1
  serializedVersion: 3
  m_Convex: 0
  m_CookingOptions: 14
  m_Mesh: {fileID: 10209, guid: 0000000000000000e000000000000000, type: 0}
--- !u!1 &5992517014361324830
GameObject:
  m_ObjectHideFlags: 0
  m_CorrespondingSourceObject: {fileID: 0}
  m_PrefabInstance: {fileID: 0}
  m_PrefabAsset: {fileID: 0}
  serializedVersion: 6
  m_Component:
  - component: {fileID: 635778889612889229}
  - component: {fileID: 663522749825845017}
  m_Layer: 0
  m_Name: Directional Light (3)
  m_TagString: Untagged
  m_Icon: {fileID: 0}
  m_NavMeshLayer: 0
  m_StaticEditorFlags: 0
  m_IsActive: 1
--- !u!4 &635778889612889229
Transform:
  m_ObjectHideFlags: 0
  m_CorrespondingSourceObject: {fileID: 0}
  m_PrefabInstance: {fileID: 0}
  m_PrefabAsset: {fileID: 0}
  m_GameObject: {fileID: 5992517014361324830}
  m_LocalRotation: {x: -0.018865662, y: 0.97887415, z: -0.20266797, w: -0.019370541}
  m_LocalPosition: {x: 0, y: 2.009, z: 0}
  m_LocalScale: {x: 1, y: 1, z: 1}
  m_Children: []
  m_Father: {fileID: 1648943363908138227}
  m_RootOrder: 1
  m_LocalEulerAnglesHint: {x: 23.422, y: 181.89099, z: -1.8160001}
--- !u!108 &663522749825845017
Light:
  m_ObjectHideFlags: 0
  m_CorrespondingSourceObject: {fileID: 0}
  m_PrefabInstance: {fileID: 0}
  m_PrefabAsset: {fileID: 0}
  m_GameObject: {fileID: 5992517014361324830}
  m_Enabled: 1
  serializedVersion: 8
  m_Type: 1
  m_Color: {r: 1, g: 0.96822023, b: 0.8915094, a: 1}
  m_Intensity: 1.53
  m_Range: 10
  m_SpotAngle: 30
  m_CookieSize: 10
  m_Shadows:
    m_Type: 0
    m_Resolution: -1
    m_CustomResolution: -1
    m_Strength: 0.953
    m_Bias: 0.05
    m_NormalBias: 0.4
    m_NearPlane: 0.2
  m_Cookie: {fileID: 0}
  m_DrawHalo: 0
  m_Flare: {fileID: 0}
  m_RenderMode: 0
  m_CullingMask:
    serializedVersion: 2
    m_Bits: 4294967295
  m_Lightmapping: 4
  m_LightShadowCasterMode: 0
  m_AreaSize: {x: 1, y: 1}
  m_BounceIntensity: 1
  m_ColorTemperature: 6570
  m_UseColorTemperature: 0
  m_ShadowRadius: 0
  m_ShadowAngle: 0
--- !u!1 &6636453853785023775
GameObject:
  m_ObjectHideFlags: 0
  m_CorrespondingSourceObject: {fileID: 0}
  m_PrefabInstance: {fileID: 0}
  m_PrefabAsset: {fileID: 0}
  serializedVersion: 6
  m_Component:
  - component: {fileID: 1648943363908138227}
  m_Layer: 0
  m_Name: Objekt15-Rytir3
  m_TagString: Untagged
  m_Icon: {fileID: 0}
  m_NavMeshLayer: 0
  m_StaticEditorFlags: 0
  m_IsActive: 1
--- !u!4 &1648943363908138227
Transform:
  m_ObjectHideFlags: 0
  m_CorrespondingSourceObject: {fileID: 0}
  m_PrefabInstance: {fileID: 0}
  m_PrefabAsset: {fileID: 0}
  m_GameObject: {fileID: 6636453853785023775}
  m_LocalRotation: {x: 0, y: 0, z: 0, w: 1}
  m_LocalPosition: {x: 0, y: 0, z: 0}
  m_LocalScale: {x: 1, y: 1, z: 1}
  m_Children:
  - {fileID: 795097416237471711}
  - {fileID: 635778889612889229}
  - {fileID: 5686554576395640777}
  - {fileID: 1390979308964536283}
  - {fileID: 6165519978976418531}
  - {fileID: 5153116929465325935}
  m_Father: {fileID: 0}
  m_RootOrder: 0
  m_LocalEulerAnglesHint: {x: 0, y: 0, z: 0}
--- !u!1 &8530197115636270769
GameObject:
  m_ObjectHideFlags: 0
  m_CorrespondingSourceObject: {fileID: 0}
  m_PrefabInstance: {fileID: 0}
  m_PrefabAsset: {fileID: 0}
  serializedVersion: 6
  m_Component:
  - component: {fileID: 5686554576395640777}
  - component: {fileID: 5564840665018512449}
  m_Layer: 0
  m_Name: Directional Light-shadow (3)
  m_TagString: Untagged
  m_Icon: {fileID: 0}
  m_NavMeshLayer: 0
  m_StaticEditorFlags: 0
  m_IsActive: 1
--- !u!4 &5686554576395640777
Transform:
  m_ObjectHideFlags: 0
  m_CorrespondingSourceObject: {fileID: 0}
  m_PrefabInstance: {fileID: 0}
  m_PrefabAsset: {fileID: 0}
  m_GameObject: {fileID: 8530197115636270769}
  m_LocalRotation: {x: -0.11166963, y: 0.31154254, z: -0.9436384, w: 0.004221581}
  m_LocalPosition: {x: 0, y: 2.009, z: 0}
  m_LocalScale: {x: 1, y: 1, z: 1}
  m_Children: []
  m_Father: {fileID: 1648943363908138227}
  m_RootOrder: 2
  m_LocalEulerAnglesHint: {x: 35.946003, y: 15.282001, z: -174.503}
--- !u!108 &5564840665018512449
Light:
  m_ObjectHideFlags: 0
  m_CorrespondingSourceObject: {fileID: 0}
  m_PrefabInstance: {fileID: 0}
  m_PrefabAsset: {fileID: 0}
  m_GameObject: {fileID: 8530197115636270769}
  m_Enabled: 1
  serializedVersion: 8
  m_Type: 1
  m_Color: {r: 0.8066038, g: 0.97679245, b: 1, a: 1}
  m_Intensity: 1.47
  m_Range: 10
  m_SpotAngle: 30
  m_CookieSize: 10
  m_Shadows:
    m_Type: 0
    m_Resolution: -1
    m_CustomResolution: -1
    m_Strength: 1
    m_Bias: 0.05
    m_NormalBias: 0.4
    m_NearPlane: 0.2
  m_Cookie: {fileID: 0}
  m_DrawHalo: 0
  m_Flare: {fileID: 0}
  m_RenderMode: 0
  m_CullingMask:
    serializedVersion: 2
    m_Bits: 4294967295
  m_Lightmapping: 4
  m_LightShadowCasterMode: 0
  m_AreaSize: {x: 1, y: 1}
  m_BounceIntensity: 1
  m_ColorTemperature: 6570
  m_UseColorTemperature: 0
  m_ShadowRadius: 0
  m_ShadowAngle: 0
--- !u!1001 &795097416237599995
PrefabInstance:
  m_ObjectHideFlags: 0
  serializedVersion: 2
  m_Modification:
    m_TransformParent: {fileID: 1648943363908138227}
    m_Modifications:
    - target: {fileID: 100164, guid: b5fedf75fbdebf84ea55ea42602a41e4, type: 3}
      propertyPath: m_Name
      value: objekt15-rytir3
      objectReference: {fileID: 0}
    - target: {fileID: 400164, guid: b5fedf75fbdebf84ea55ea42602a41e4, type: 3}
      propertyPath: m_LocalPosition.x
      value: -0.193
      objectReference: {fileID: 0}
    - target: {fileID: 400164, guid: b5fedf75fbdebf84ea55ea42602a41e4, type: 3}
      propertyPath: m_LocalPosition.y
      value: 0
      objectReference: {fileID: 0}
    - target: {fileID: 400164, guid: b5fedf75fbdebf84ea55ea42602a41e4, type: 3}
      propertyPath: m_LocalPosition.z
      value: 0.245
      objectReference: {fileID: 0}
    - target: {fileID: 400164, guid: b5fedf75fbdebf84ea55ea42602a41e4, type: 3}
      propertyPath: m_LocalRotation.x
      value: -0
      objectReference: {fileID: 0}
    - target: {fileID: 400164, guid: b5fedf75fbdebf84ea55ea42602a41e4, type: 3}
      propertyPath: m_LocalRotation.y
      value: -0.4718722
      objectReference: {fileID: 0}
    - target: {fileID: 400164, guid: b5fedf75fbdebf84ea55ea42602a41e4, type: 3}
      propertyPath: m_LocalRotation.z
      value: -0
      objectReference: {fileID: 0}
    - target: {fileID: 400164, guid: b5fedf75fbdebf84ea55ea42602a41e4, type: 3}
      propertyPath: m_LocalRotation.w
      value: 0.88166696
      objectReference: {fileID: 0}
    - target: {fileID: 400164, guid: b5fedf75fbdebf84ea55ea42602a41e4, type: 3}
      propertyPath: m_RootOrder
      value: 0
      objectReference: {fileID: 0}
    - target: {fileID: 400164, guid: b5fedf75fbdebf84ea55ea42602a41e4, type: 3}
      propertyPath: m_LocalEulerAnglesHint.x
      value: 0
      objectReference: {fileID: 0}
    - target: {fileID: 400164, guid: b5fedf75fbdebf84ea55ea42602a41e4, type: 3}
      propertyPath: m_LocalEulerAnglesHint.y
      value: -56.312004
      objectReference: {fileID: 0}
    - target: {fileID: 400164, guid: b5fedf75fbdebf84ea55ea42602a41e4, type: 3}
      propertyPath: m_LocalEulerAnglesHint.z
      value: 0
      objectReference: {fileID: 0}
    - target: {fileID: 400164, guid: b5fedf75fbdebf84ea55ea42602a41e4, type: 3}
      propertyPath: m_LocalScale.x
      value: 1.591901
      objectReference: {fileID: 0}
    - target: {fileID: 400164, guid: b5fedf75fbdebf84ea55ea42602a41e4, type: 3}
      propertyPath: m_LocalScale.y
      value: 1.5919
      objectReference: {fileID: 0}
    - target: {fileID: 400164, guid: b5fedf75fbdebf84ea55ea42602a41e4, type: 3}
      propertyPath: m_LocalScale.z
      value: 1.591901
      objectReference: {fileID: 0}
    - target: {fileID: 9500000, guid: b5fedf75fbdebf84ea55ea42602a41e4, type: 3}
      propertyPath: m_Enabled
      value: 0
      objectReference: {fileID: 0}
    m_RemovedComponents: []
  m_SourcePrefab: {fileID: 100100000, guid: b5fedf75fbdebf84ea55ea42602a41e4, type: 3}
--- !u!4 &795097416237471711 stripped
Transform:
  m_CorrespondingSourceObject: {fileID: 400164, guid: b5fedf75fbdebf84ea55ea42602a41e4,
    type: 3}
  m_PrefabInstance: {fileID: 795097416237599995}
  m_PrefabAsset: {fileID: 0}
--- !u!1001 &4340538090829628569
PrefabInstance:
  m_ObjectHideFlags: 0
  serializedVersion: 2
  m_Modification:
    m_TransformParent: {fileID: 1648943363908138227}
    m_Modifications:
    - target: {fileID: 2421042920222071218, guid: 3afc0f0aa8e1d7444bbeb00f06404935,
        type: 3}
      propertyPath: m_Name
      value: Fire_Sword_FX
      objectReference: {fileID: 0}
    - target: {fileID: 7614711364959166074, guid: 3afc0f0aa8e1d7444bbeb00f06404935,
        type: 3}
      propertyPath: m_LocalPosition.x
      value: -0.828
      objectReference: {fileID: 0}
    - target: {fileID: 7614711364959166074, guid: 3afc0f0aa8e1d7444bbeb00f06404935,
        type: 3}
      propertyPath: m_LocalPosition.y
      value: 2.17
      objectReference: {fileID: 0}
    - target: {fileID: 7614711364959166074, guid: 3afc0f0aa8e1d7444bbeb00f06404935,
        type: 3}
      propertyPath: m_LocalPosition.z
      value: -0.553
      objectReference: {fileID: 0}
    - target: {fileID: 7614711364959166074, guid: 3afc0f0aa8e1d7444bbeb00f06404935,
        type: 3}
      propertyPath: m_LocalRotation.x
      value: -0.5506908
      objectReference: {fileID: 0}
    - target: {fileID: 7614711364959166074, guid: 3afc0f0aa8e1d7444bbeb00f06404935,
        type: 3}
      propertyPath: m_LocalRotation.y
      value: -0.08726066
      objectReference: {fileID: 0}
    - target: {fileID: 7614711364959166074, guid: 3afc0f0aa8e1d7444bbeb00f06404935,
        type: 3}
      propertyPath: m_LocalRotation.z
      value: 0.29534018
      objectReference: {fileID: 0}
    - target: {fileID: 7614711364959166074, guid: 3afc0f0aa8e1d7444bbeb00f06404935,
        type: 3}
      propertyPath: m_LocalRotation.w
      value: 0.7758218
      objectReference: {fileID: 0}
    - target: {fileID: 7614711364959166074, guid: 3afc0f0aa8e1d7444bbeb00f06404935,
        type: 3}
      propertyPath: m_RootOrder
      value: 4
      objectReference: {fileID: 0}
    - target: {fileID: 7614711364959166074, guid: 3afc0f0aa8e1d7444bbeb00f06404935,
        type: 3}
      propertyPath: m_LocalEulerAnglesHint.x
      value: -53.411003
      objectReference: {fileID: 0}
    - target: {fileID: 7614711364959166074, guid: 3afc0f0aa8e1d7444bbeb00f06404935,
        type: 3}
      propertyPath: m_LocalEulerAnglesHint.y
      value: -50.612003
      objectReference: {fileID: 0}
    - target: {fileID: 7614711364959166074, guid: 3afc0f0aa8e1d7444bbeb00f06404935,
        type: 3}
      propertyPath: m_LocalEulerAnglesHint.z
      value: 68.441
      objectReference: {fileID: 0}
    - target: {fileID: 7941071248285166748, guid: 3afc0f0aa8e1d7444bbeb00f06404935,
        type: 3}
      propertyPath: InitialModule.startLifetime.scalar
      value: 4
      objectReference: {fileID: 0}
    - target: {fileID: 7941071248285166748, guid: 3afc0f0aa8e1d7444bbeb00f06404935,
        type: 3}
      propertyPath: InitialModule.startLifetime.minScalar
      value: 2
      objectReference: {fileID: 0}
    - target: {fileID: 7941071248285166748, guid: 3afc0f0aa8e1d7444bbeb00f06404935,
        type: 3}
      propertyPath: ShapeModule.length
      value: 1.2762089
      objectReference: {fileID: 0}
    - target: {fileID: 12254954482440440, guid: 3afc0f0aa8e1d7444bbeb00f06404935,
        type: 3}
      propertyPath: simulationSpeed
      value: 0.5
      objectReference: {fileID: 0}
    - target: {fileID: 12254954482440440, guid: 3afc0f0aa8e1d7444bbeb00f06404935,
        type: 3}
      propertyPath: InitialModule.startSpeed.scalar
      value: 1.284224
      objectReference: {fileID: 0}
    m_RemovedComponents: []
  m_SourcePrefab: {fileID: 100100000, guid: 3afc0f0aa8e1d7444bbeb00f06404935, type: 3}
--- !u!4 &6165519978976418531 stripped
Transform:
  m_CorrespondingSourceObject: {fileID: 7614711364959166074, guid: 3afc0f0aa8e1d7444bbeb00f06404935,
    type: 3}
  m_PrefabInstance: {fileID: 4340538090829628569}
  m_PrefabAsset: {fileID: 0}
--- !u!1001 &4661656399275166980
PrefabInstance:
  m_ObjectHideFlags: 0
  serializedVersion: 2
  m_Modification:
    m_TransformParent: {fileID: 1648943363908138227}
    m_Modifications:
    - target: {fileID: 7521787790367676350, guid: 8d401ec6895cd1f49a5603a8016e142e,
        type: 3}
      propertyPath: m_Name
      value: Ice_Sword_FX
      objectReference: {fileID: 0}
    - target: {fileID: 518489278442640491, guid: 8d401ec6895cd1f49a5603a8016e142e,
        type: 3}
      propertyPath: m_LocalPosition.x
      value: -0.82003033
      objectReference: {fileID: 0}
    - target: {fileID: 518489278442640491, guid: 8d401ec6895cd1f49a5603a8016e142e,
        type: 3}
      propertyPath: m_LocalPosition.y
      value: 2.1662753
      objectReference: {fileID: 0}
    - target: {fileID: 518489278442640491, guid: 8d401ec6895cd1f49a5603a8016e142e,
        type: 3}
      propertyPath: m_LocalPosition.z
      value: -0.5374117
      objectReference: {fileID: 0}
    - target: {fileID: 518489278442640491, guid: 8d401ec6895cd1f49a5603a8016e142e,
        type: 3}
      propertyPath: m_LocalRotation.x
      value: -0.56111175
      objectReference: {fileID: 0}
    - target: {fileID: 518489278442640491, guid: 8d401ec6895cd1f49a5603a8016e142e,
        type: 3}
      propertyPath: m_LocalRotation.y
      value: -0.08798666
      objectReference: {fileID: 0}
    - target: {fileID: 518489278442640491, guid: 8d401ec6895cd1f49a5603a8016e142e,
        type: 3}
      propertyPath: m_LocalRotation.z
      value: 0.2924718
      objectReference: {fileID: 0}
    - target: {fileID: 518489278442640491, guid: 8d401ec6895cd1f49a5603a8016e142e,
        type: 3}
      propertyPath: m_LocalRotation.w
      value: 0.7693323
      objectReference: {fileID: 0}
    - target: {fileID: 518489278442640491, guid: 8d401ec6895cd1f49a5603a8016e142e,
        type: 3}
      propertyPath: m_RootOrder
      value: 5
      objectReference: {fileID: 0}
    - target: {fileID: 518489278442640491, guid: 8d401ec6895cd1f49a5603a8016e142e,
        type: 3}
      propertyPath: m_LocalEulerAnglesHint.x
      value: -54.282
      objectReference: {fileID: 0}
    - target: {fileID: 518489278442640491, guid: 8d401ec6895cd1f49a5603a8016e142e,
        type: 3}
      propertyPath: m_LocalEulerAnglesHint.y
      value: -52.571003
      objectReference: {fileID: 0}
    - target: {fileID: 518489278442640491, guid: 8d401ec6895cd1f49a5603a8016e142e,
        type: 3}
      propertyPath: m_LocalEulerAnglesHint.z
      value: 70.046005
      objectReference: {fileID: 0}
    - target: {fileID: 8526186152053676830, guid: 8d401ec6895cd1f49a5603a8016e142e,
        type: 3}
      propertyPath: m_LocalPosition.x
      value: 0.043
      objectReference: {fileID: 0}
    - target: {fileID: 8526186152053676830, guid: 8d401ec6895cd1f49a5603a8016e142e,
        type: 3}
      propertyPath: m_LocalPosition.y
      value: 0.027
      objectReference: {fileID: 0}
    - target: {fileID: 8526186152053676830, guid: 8d401ec6895cd1f49a5603a8016e142e,
        type: 3}
      propertyPath: m_LocalPosition.z
      value: 0.239
      objectReference: {fileID: 0}
    - target: {fileID: 1544274154220052579, guid: 8d401ec6895cd1f49a5603a8016e142e,
        type: 3}
      propertyPath: InitialModule.startColor.maxColor.a
      value: 0.59607846
      objectReference: {fileID: 0}
    - target: {fileID: 1544274154220052579, guid: 8d401ec6895cd1f49a5603a8016e142e,
        type: 3}
      propertyPath: ShapeModule.length
      value: 0.9232002
      objectReference: {fileID: 0}
    - target: {fileID: 1544274154220052579, guid: 8d401ec6895cd1f49a5603a8016e142e,
        type: 3}
      propertyPath: EmissionModule.rateOverTime.scalar
      value: 20
      objectReference: {fileID: 0}
    - target: {fileID: 1544274154220052579, guid: 8d401ec6895cd1f49a5603a8016e142e,
        type: 3}
      propertyPath: ColorModule.gradient.maxGradient.atime1
      value: 9830
      objectReference: {fileID: 0}
    - target: {fileID: 1544274154220052579, guid: 8d401ec6895cd1f49a5603a8016e142e,
        type: 3}
      propertyPath: ColorModule.gradient.maxGradient.atime2
      value: 36044
      objectReference: {fileID: 0}
    - target: {fileID: 6820302834241650847, guid: 8d401ec6895cd1f49a5603a8016e142e,
        type: 3}
      propertyPath: ShapeModule.radius.value
      value: 0.06868947
      objectReference: {fileID: 0}
    - target: {fileID: 6820302834241650847, guid: 8d401ec6895cd1f49a5603a8016e142e,
        type: 3}
      propertyPath: EmissionModule.rateOverTime.scalar
      value: 20
      objectReference: {fileID: 0}
    - target: {fileID: 5019897809836259682, guid: 8d401ec6895cd1f49a5603a8016e142e,
        type: 3}
      propertyPath: InitialModule.startSize.scalar
      value: 12
      objectReference: {fileID: 0}
    - target: {fileID: 5019897809836259682, guid: 8d401ec6895cd1f49a5603a8016e142e,
        type: 3}
      propertyPath: InitialModule.startSize.minScalar
      value: 5
      objectReference: {fileID: 0}
    - target: {fileID: 5019897809836259682, guid: 8d401ec6895cd1f49a5603a8016e142e,
        type: 3}
      propertyPath: ShapeModule.length
      value: 0.90098333
      objectReference: {fileID: 0}
    m_RemovedComponents: []
  m_SourcePrefab: {fileID: 100100000, guid: 8d401ec6895cd1f49a5603a8016e142e, type: 3}
--- !u!4 &5153116929465325935 stripped
Transform:
  m_CorrespondingSourceObject: {fileID: 518489278442640491, guid: 8d401ec6895cd1f49a5603a8016e142e,
    type: 3}
  m_PrefabInstance: {fileID: 4661656399275166980}
  m_PrefabAsset: {fileID: 0}
