%YAML 1.1
%TAG !u! tag:unity3d.com,2011:
--- !u!1 &2797158657702989840
GameObject:
  m_ObjectHideFlags: 0
  m_CorrespondingSourceObject: {fileID: 0}
  m_PrefabInstance: {fileID: 0}
  m_PrefabAsset: {fileID: 0}
  serializedVersion: 6
  m_Component:
  - component: {fileID: 6364787917835543346}
  - component: {fileID: 843775881033743303}
  m_Layer: 0
  m_Name: Directional Light-shadow (1)
  m_TagString: Untagged
  m_Icon: {fileID: 0}
  m_NavMeshLayer: 0
  m_StaticEditorFlags: 0
  m_IsActive: 1
--- !u!4 &6364787917835543346
Transform:
  m_ObjectHideFlags: 0
  m_CorrespondingSourceObject: {fileID: 0}
  m_PrefabInstance: {fileID: 0}
  m_PrefabAsset: {fileID: 0}
  m_GameObject: {fileID: 2797158657702989840}
  m_LocalRotation: {x: 0.77577674, y: 0.26782575, z: -0.47380412, w: 0.31929538}
  m_LocalPosition: {x: 0, y: 2.009, z: 0}
  m_LocalScale: {x: 1, y: 1, z: 1}
  m_Children: []
  m_Father: {fileID: 6757017433059926680}
  m_RootOrder: 2
  m_LocalEulerAnglesHint: {x: 48.521004, y: -121.606, z: -189.821}
--- !u!108 &843775881033743303
Light:
  m_ObjectHideFlags: 0
  m_CorrespondingSourceObject: {fileID: 0}
  m_PrefabInstance: {fileID: 0}
  m_PrefabAsset: {fileID: 0}
  m_GameObject: {fileID: 2797158657702989840}
  m_Enabled: 1
  serializedVersion: 8
  m_Type: 1
  m_Color: {r: 1, g: 0.976345, b: 0.8352941, a: 1}
  m_Intensity: 2.21
  m_Range: 10
  m_SpotAngle: 30
  m_CookieSize: 10
  m_Shadows:
    m_Type: 0
    m_Resolution: -1
    m_CustomResolution: -1
    m_Strength: 1
    m_Bias: 0.05
    m_NormalBias: 0.4
    m_NearPlane: 0.2
  m_Cookie: {fileID: 0}
  m_DrawHalo: 0
  m_Flare: {fileID: 0}
  m_RenderMode: 0
  m_CullingMask:
    serializedVersion: 2
    m_Bits: 4294967295
  m_Lightmapping: 4
  m_LightShadowCasterMode: 0
  m_AreaSize: {x: 1, y: 1}
  m_BounceIntensity: 1
  m_ColorTemperature: 6570
  m_UseColorTemperature: 0
  m_ShadowRadius: 0
  m_ShadowAngle: 0
--- !u!1 &3194960931622683270
GameObject:
  m_ObjectHideFlags: 0
  m_CorrespondingSourceObject: {fileID: 0}
  m_PrefabInstance: {fileID: 0}
  m_PrefabAsset: {fileID: 0}
  serializedVersion: 6
  m_Component:
  - component: {fileID: 6365541018379564068}
  - component: {fileID: 1818797569516900435}
  m_Layer: 0
  m_Name: Directional Light (1)
  m_TagString: Untagged
  m_Icon: {fileID: 0}
  m_NavMeshLayer: 0
  m_StaticEditorFlags: 0
  m_IsActive: 1
--- !u!4 &6365541018379564068
Transform:
  m_ObjectHideFlags: 0
  m_CorrespondingSourceObject: {fileID: 0}
  m_PrefabInstance: {fileID: 0}
  m_PrefabAsset: {fileID: 0}
  m_GameObject: {fileID: 3194960931622683270}
  m_LocalRotation: {x: 0.20147906, y: 0.75266707, z: -0.2440663, w: 0.57734764}
  m_LocalPosition: {x: 0, y: 2.009, z: 0}
  m_LocalScale: {x: 1, y: 1, z: 1}
  m_Children: []
  m_Father: {fileID: 6757017433059926680}
  m_RootOrder: 1
  m_LocalEulerAnglesHint: {x: 36.873, y: 105.531006, z: 1.5380001}
--- !u!108 &1818797569516900435
Light:
  m_ObjectHideFlags: 0
  m_CorrespondingSourceObject: {fileID: 0}
  m_PrefabInstance: {fileID: 0}
  m_PrefabAsset: {fileID: 0}
  m_GameObject: {fileID: 3194960931622683270}
  m_Enabled: 1
  serializedVersion: 8
  m_Type: 1
  m_Color: {r: 1, g: 0.9964356, b: 0.9198113, a: 1}
  m_Intensity: 1.86
  m_Range: 10
  m_SpotAngle: 30
  m_CookieSize: 10
  m_Shadows:
    m_Type: 2
    m_Resolution: -1
    m_CustomResolution: -1
    m_Strength: 0.974
    m_Bias: 0.032
    m_NormalBias: 0.4
    m_NearPlane: 0.2
  m_Cookie: {fileID: 0}
  m_DrawHalo: 0
  m_Flare: {fileID: 0}
  m_RenderMode: 0
  m_CullingMask:
    serializedVersion: 2
    m_Bits: 4294967295
  m_Lightmapping: 4
  m_LightShadowCasterMode: 0
  m_AreaSize: {x: 1, y: 1}
  m_BounceIntensity: 1
  m_ColorTemperature: 6570
  m_UseColorTemperature: 0
  m_ShadowRadius: 0
  m_ShadowAngle: 0
--- !u!1 &3414772928734896644
GameObject:
  m_ObjectHideFlags: 0
  m_CorrespondingSourceObject: {fileID: 0}
  m_PrefabInstance: {fileID: 0}
  m_PrefabAsset: {fileID: 0}
  serializedVersion: 6
  m_Component:
  - component: {fileID: 6757017433059926680}
  m_Layer: 0
  m_Name: HradZborov
  m_TagString: Untagged
  m_Icon: {fileID: 0}
  m_NavMeshLayer: 0
  m_StaticEditorFlags: 0
  m_IsActive: 1
--- !u!4 &6757017433059926680
Transform:
  m_ObjectHideFlags: 0
  m_CorrespondingSourceObject: {fileID: 0}
  m_PrefabInstance: {fileID: 0}
  m_PrefabAsset: {fileID: 0}
  m_GameObject: {fileID: 3414772928734896644}
  m_LocalRotation: {x: 0, y: 0, z: 0, w: 1}
  m_LocalPosition: {x: 0, y: 0, z: 0}
  m_LocalScale: {x: 1, y: 1, z: 1}
  m_Children:
  - {fileID: 5993271417446630018}
  - {fileID: 6365541018379564068}
  - {fileID: 6364787917835543346}
  - {fileID: 8274253448655865526}
  m_Father: {fileID: 0}
  m_RootOrder: 0
  m_LocalEulerAnglesHint: {x: 0, y: 0, z: 0}
--- !u!1 &4229560414554394407
GameObject:
  m_ObjectHideFlags: 0
  m_CorrespondingSourceObject: {fileID: 0}
  m_PrefabInstance: {fileID: 0}
  m_PrefabAsset: {fileID: 0}
  serializedVersion: 6
  m_Component:
  - component: {fileID: 8274253448655865526}
  - component: {fileID: 2117473337662216948}
  m_Layer: 0
  m_Name: Directional Light-shadow (2)
  m_TagString: Untagged
  m_Icon: {fileID: 0}
  m_NavMeshLayer: 0
  m_StaticEditorFlags: 0
  m_IsActive: 1
--- !u!4 &8274253448655865526
Transform:
  m_ObjectHideFlags: 0
  m_CorrespondingSourceObject: {fileID: 0}
  m_PrefabInstance: {fileID: 0}
  m_PrefabAsset: {fileID: 0}
  m_GameObject: {fileID: 4229560414554394407}
  m_LocalRotation: {x: -0.041053504, y: 0.40886363, z: -0.9080937, w: -0.080690876}
  m_LocalPosition: {x: 0, y: 2.009, z: 0}
  m_LocalScale: {x: 1.0000002, y: 1.0000001, z: 1.0000002}
  m_Children: []
  m_Father: {fileID: 6757017433059926680}
  m_RootOrder: 3
  m_LocalEulerAnglesHint: {x: 48.521004, y: 0.74200004, z: -189.821}
--- !u!108 &2117473337662216948
Light:
  m_ObjectHideFlags: 0
  m_CorrespondingSourceObject: {fileID: 0}
  m_PrefabInstance: {fileID: 0}
  m_PrefabAsset: {fileID: 0}
  m_GameObject: {fileID: 4229560414554394407}
  m_Enabled: 1
  serializedVersion: 8
  m_Type: 1
  m_Color: {r: 1, g: 1, b: 1, a: 1}
  m_Intensity: 0.94
  m_Range: 10
  m_SpotAngle: 30
  m_CookieSize: 10
  m_Shadows:
    m_Type: 0
    m_Resolution: -1
    m_CustomResolution: -1
    m_Strength: 1
    m_Bias: 0.05
    m_NormalBias: 0.4
    m_NearPlane: 0.2
  m_Cookie: {fileID: 0}
  m_DrawHalo: 0
  m_Flare: {fileID: 0}
  m_RenderMode: 0
  m_CullingMask:
    serializedVersion: 2
    m_Bits: 4294967295
  m_Lightmapping: 4
  m_LightShadowCasterMode: 0
  m_AreaSize: {x: 1, y: 1}
  m_BounceIntensity: 1
  m_ColorTemperature: 6570
  m_UseColorTemperature: 0
  m_ShadowRadius: 0
  m_ShadowAngle: 0
--- !u!1001 &5993271417447028742
PrefabInstance:
  m_ObjectHideFlags: 0
  serializedVersion: 2
  m_Modification:
    m_TransformParent: {fileID: 6757017433059926680}
    m_Modifications:
    - target: {fileID: 100004, guid: 52b4a4fe24e22be48b396a099c88b493, type: 3}
      propertyPath: m_Name
      value: Hrad
      objectReference: {fileID: 0}
    - target: {fileID: 400004, guid: 52b4a4fe24e22be48b396a099c88b493, type: 3}
      propertyPath: m_LocalPosition.x
      value: 0
      objectReference: {fileID: 0}
    - target: {fileID: 400004, guid: 52b4a4fe24e22be48b396a099c88b493, type: 3}
      propertyPath: m_LocalPosition.y
      value: 0.005
      objectReference: {fileID: 0}
    - target: {fileID: 400004, guid: 52b4a4fe24e22be48b396a099c88b493, type: 3}
      propertyPath: m_LocalPosition.z
      value: 0
      objectReference: {fileID: 0}
    - target: {fileID: 400004, guid: 52b4a4fe24e22be48b396a099c88b493, type: 3}
      propertyPath: m_LocalRotation.x
      value: 0
      objectReference: {fileID: 0}
    - target: {fileID: 400004, guid: 52b4a4fe24e22be48b396a099c88b493, type: 3}
      propertyPath: m_LocalRotation.y
      value: -1
      objectReference: {fileID: 0}
    - target: {fileID: 400004, guid: 52b4a4fe24e22be48b396a099c88b493, type: 3}
      propertyPath: m_LocalRotation.z
      value: 0
      objectReference: {fileID: 0}
    - target: {fileID: 400004, guid: 52b4a4fe24e22be48b396a099c88b493, type: 3}
      propertyPath: m_LocalRotation.w
      value: 0
      objectReference: {fileID: 0}
    - target: {fileID: 400004, guid: 52b4a4fe24e22be48b396a099c88b493, type: 3}
      propertyPath: m_RootOrder
      value: 0
      objectReference: {fileID: 0}
    - target: {fileID: 400004, guid: 52b4a4fe24e22be48b396a099c88b493, type: 3}
      propertyPath: m_LocalEulerAnglesHint.x
      value: 0
      objectReference: {fileID: 0}
    - target: {fileID: 400004, guid: 52b4a4fe24e22be48b396a099c88b493, type: 3}
      propertyPath: m_LocalEulerAnglesHint.y
      value: -180
      objectReference: {fileID: 0}
    - target: {fileID: 400004, guid: 52b4a4fe24e22be48b396a099c88b493, type: 3}
      propertyPath: m_LocalEulerAnglesHint.z
      value: 0
      objectReference: {fileID: 0}
    - target: {fileID: 400004, guid: 52b4a4fe24e22be48b396a099c88b493, type: 3}
      propertyPath: m_LocalScale.x
      value: 58.483215
      objectReference: {fileID: 0}
    - target: {fileID: 400004, guid: 52b4a4fe24e22be48b396a099c88b493, type: 3}
      propertyPath: m_LocalScale.y
      value: 58.483215
      objectReference: {fileID: 0}
    - target: {fileID: 400004, guid: 52b4a4fe24e22be48b396a099c88b493, type: 3}
      propertyPath: m_LocalScale.z
      value: 58.483215
      objectReference: {fileID: 0}
    - target: {fileID: 2300006, guid: 52b4a4fe24e22be48b396a099c88b493, type: 3}
      propertyPath: m_Materials.Array.data[0]
      value: 
      objectReference: {fileID: 2100000, guid: 2a47cd086ae491342a341b0e27369dff, type: 2}
    - target: {fileID: 2300002, guid: 52b4a4fe24e22be48b396a099c88b493, type: 3}
      propertyPath: m_Materials.Array.data[0]
      value: 
      objectReference: {fileID: 2100000, guid: bd83376589b0ada4cb2ed30c67080c9d, type: 2}
    - target: {fileID: 2300000, guid: 52b4a4fe24e22be48b396a099c88b493, type: 3}
      propertyPath: m_Materials.Array.data[0]
      value: 
      objectReference: {fileID: 2100000, guid: c712ec9ec625a0b4d8cbe5538682d3f0, type: 2}
    - target: {fileID: 2300014, guid: 52b4a4fe24e22be48b396a099c88b493, type: 3}
      propertyPath: m_Materials.Array.data[0]
      value: 
      objectReference: {fileID: 2100000, guid: c23617ef63d94ab418e4491ab8730e28, type: 2}
    - target: {fileID: 2300012, guid: 52b4a4fe24e22be48b396a099c88b493, type: 3}
      propertyPath: m_Materials.Array.data[0]
      value: 
      objectReference: {fileID: 2100000, guid: 97e2f39eebb38d2428ca086558a6c9ee, type: 2}
    - target: {fileID: 2300010, guid: 52b4a4fe24e22be48b396a099c88b493, type: 3}
      propertyPath: m_Materials.Array.data[0]
      value: 
      objectReference: {fileID: 2100000, guid: 90a64e64e84c3a54c96cd5b301702e5f, type: 2}
    - target: {fileID: 2300008, guid: 52b4a4fe24e22be48b396a099c88b493, type: 3}
      propertyPath: m_Materials.Array.data[0]
      value: 
      objectReference: {fileID: 2100000, guid: c8d9d3e35d2641948bdef6a787d9400e, type: 2}
    - target: {fileID: 2300016, guid: 52b4a4fe24e22be48b396a099c88b493, type: 3}
      propertyPath: m_Materials.Array.data[0]
      value: 
      objectReference: {fileID: 2100000, guid: 3c46b6df3058f1e4a8a28ce6e9c76773, type: 2}
    m_RemovedComponents: []
  m_SourcePrefab: {fileID: 100100000, guid: 52b4a4fe24e22be48b396a099c88b493, type: 3}
--- !u!4 &5993271417446630018 stripped
Transform:
  m_CorrespondingSourceObject: {fileID: 400004, guid: 52b4a4fe24e22be48b396a099c88b493,
    type: 3}
  m_PrefabInstance: {fileID: 5993271417447028742}
  m_PrefabAsset: {fileID: 0}
