%YAML 1.1
%TAG !u! tag:unity3d.com,2011:
--- !u!29 &1
OcclusionCullingSettings:
  m_ObjectHideFlags: 0
  serializedVersion: 2
  m_OcclusionBakeSettings:
    smallestOccluder: 5
    smallestHole: 0.25
    backfaceThreshold: 100
  m_SceneGUID: 00000000000000000000000000000000
  m_OcclusionCullingData: {fileID: 0}
--- !u!104 &2
RenderSettings:
  m_ObjectHideFlags: 0
  serializedVersion: 9
  m_Fog: 0
  m_FogColor: {r: 0.5, g: 0.5, b: 0.5, a: 1}
  m_FogMode: 3
  m_FogDensity: 0.01
  m_LinearFogStart: 0
  m_LinearFogEnd: 300
  m_AmbientSkyColor: {r: 0.212, g: 0.227, b: 0.259, a: 1}
  m_AmbientEquatorColor: {r: 0.114, g: 0.125, b: 0.133, a: 1}
  m_AmbientGroundColor: {r: 0.047, g: 0.043, b: 0.035, a: 1}
  m_AmbientIntensity: 1
  m_AmbientMode: 0
  m_SubtractiveShadowColor: {r: 0.42, g: 0.478, b: 0.627, a: 1}
  m_SkyboxMaterial: {fileID: 10304, guid: 0000000000000000f000000000000000, type: 0}
  m_HaloStrength: 0.5
  m_FlareStrength: 1
  m_FlareFadeSpeed: 3
  m_HaloTexture: {fileID: 0}
  m_SpotCookie: {fileID: 10001, guid: 0000000000000000e000000000000000, type: 0}
  m_DefaultReflectionMode: 0
  m_DefaultReflectionResolution: 128
  m_ReflectionBounces: 1
  m_ReflectionIntensity: 1
  m_CustomReflection: {fileID: 0}
  m_Sun: {fileID: 0}
  m_IndirectSpecularColor: {r: 0.44999737, g: 0.5000552, b: 0.57552063, a: 1}
  m_UseRadianceAmbientProbe: 0
--- !u!157 &3
LightmapSettings:
  m_ObjectHideFlags: 0
  serializedVersion: 11
  m_GIWorkflowMode: 0
  m_GISettings:
    serializedVersion: 2
    m_BounceScale: 1
    m_IndirectOutputScale: 1
    m_AlbedoBoost: 1
    m_EnvironmentLightingMode: 0
    m_EnableBakedLightmaps: 0
    m_EnableRealtimeLightmaps: 0
  m_LightmapEditorSettings:
    serializedVersion: 10
    m_Resolution: 2
    m_BakeResolution: 40
    m_AtlasSize: 1024
    m_AO: 0
    m_AOMaxDistance: 1
    m_CompAOExponent: 1
    m_CompAOExponentDirect: 0
    m_Padding: 2
    m_LightmapParameters: {fileID: 0}
    m_LightmapsBakeMode: 1
    m_TextureCompression: 1
    m_FinalGather: 0
    m_FinalGatherFiltering: 1
    m_FinalGatherRayCount: 256
    m_ReflectionCompression: 2
    m_MixedBakeMode: 2
    m_BakeBackend: 1
    m_PVRSampling: 1
    m_PVRDirectSampleCount: 32
    m_PVRSampleCount: 500
    m_PVRBounces: 2
    m_PVRFilterTypeDirect: 0
    m_PVRFilterTypeIndirect: 0
    m_PVRFilterTypeAO: 0
    m_PVRFilteringMode: 1
    m_PVRCulling: 1
    m_PVRFilteringGaussRadiusDirect: 1
    m_PVRFilteringGaussRadiusIndirect: 5
    m_PVRFilteringGaussRadiusAO: 2
    m_PVRFilteringAtrousPositionSigmaDirect: 0.5
    m_PVRFilteringAtrousPositionSigmaIndirect: 2
    m_PVRFilteringAtrousPositionSigmaAO: 1
    m_ShowResolutionOverlay: 1
  m_LightingDataAsset: {fileID: 0}
  m_UseShadowmask: 1
--- !u!196 &4
NavMeshSettings:
  serializedVersion: 2
  m_ObjectHideFlags: 0
  m_BuildSettings:
    serializedVersion: 2
    agentTypeID: 0
    agentRadius: 0.5
    agentHeight: 2
    agentSlope: 45
    agentClimb: 0.4
    ledgeDropHeight: 0
    maxJumpAcrossDistance: 0
    minRegionArea: 2
    manualCellSize: 0
    cellSize: 0.16666667
    manualTileSize: 0
    tileSize: 256
    accuratePlacement: 0
    debug:
      m_Flags: 0
  m_NavMeshData: {fileID: 0}
--- !u!1001 &146862538
PrefabInstance:
  m_ObjectHideFlags: 0
  serializedVersion: 2
  m_Modification:
    m_TransformParent: {fileID: 0}
    m_Modifications:
    - target: {fileID: 1637376422, guid: 1d60b60fa598fb74c87915174beca010, type: 3}
      propertyPath: m_Name
      value: Wizard_House_01 mobile
      objectReference: {fileID: 0}
    - target: {fileID: 1637376422, guid: 1d60b60fa598fb74c87915174beca010, type: 3}
      propertyPath: m_IsActive
      value: 1
      objectReference: {fileID: 0}
    - target: {fileID: 228258370, guid: 1d60b60fa598fb74c87915174beca010, type: 3}
      propertyPath: m_LocalPosition.x
      value: 0
      objectReference: {fileID: 0}
    - target: {fileID: 228258370, guid: 1d60b60fa598fb74c87915174beca010, type: 3}
      propertyPath: m_LocalPosition.y
      value: 12.036
      objectReference: {fileID: 0}
    - target: {fileID: 228258370, guid: 1d60b60fa598fb74c87915174beca010, type: 3}
      propertyPath: m_LocalPosition.z
      value: 0
      objectReference: {fileID: 0}
    - target: {fileID: 228258370, guid: 1d60b60fa598fb74c87915174beca010, type: 3}
      propertyPath: m_LocalRotation.x
      value: -0
      objectReference: {fileID: 0}
    - target: {fileID: 228258370, guid: 1d60b60fa598fb74c87915174beca010, type: 3}
      propertyPath: m_LocalRotation.y
      value: -0
      objectReference: {fileID: 0}
    - target: {fileID: 228258370, guid: 1d60b60fa598fb74c87915174beca010, type: 3}
      propertyPath: m_LocalRotation.z
      value: -0
      objectReference: {fileID: 0}
    - target: {fileID: 228258370, guid: 1d60b60fa598fb74c87915174beca010, type: 3}
      propertyPath: m_LocalRotation.w
      value: 1
      objectReference: {fileID: 0}
    - target: {fileID: 228258370, guid: 1d60b60fa598fb74c87915174beca010, type: 3}
      propertyPath: m_RootOrder
      value: 1
      objectReference: {fileID: 0}
    - target: {fileID: 228258370, guid: 1d60b60fa598fb74c87915174beca010, type: 3}
      propertyPath: m_LocalEulerAnglesHint.x
      value: 0
      objectReference: {fileID: 0}
    - target: {fileID: 228258370, guid: 1d60b60fa598fb74c87915174beca010, type: 3}
      propertyPath: m_LocalEulerAnglesHint.y
      value: 0
      objectReference: {fileID: 0}
    - target: {fileID: 228258370, guid: 1d60b60fa598fb74c87915174beca010, type: 3}
      propertyPath: m_LocalEulerAnglesHint.z
      value: 0
      objectReference: {fileID: 0}
    - target: {fileID: 228258370, guid: 1d60b60fa598fb74c87915174beca010, type: 3}
      propertyPath: m_LocalScale.x
      value: 0.57903
      objectReference: {fileID: 0}
    - target: {fileID: 228258370, guid: 1d60b60fa598fb74c87915174beca010, type: 3}
      propertyPath: m_LocalScale.y
      value: 0.57903
      objectReference: {fileID: 0}
    - target: {fileID: 228258370, guid: 1d60b60fa598fb74c87915174beca010, type: 3}
      propertyPath: m_LocalScale.z
      value: 0.57903
      objectReference: {fileID: 0}
    - target: {fileID: 1637376424, guid: 1d60b60fa598fb74c87915174beca010, type: 3}
      propertyPath: m_LODs.Array.data[1].renderers.Array.size
      value: 0
      objectReference: {fileID: 0}
    - target: {fileID: 1637376424, guid: 1d60b60fa598fb74c87915174beca010, type: 3}
      propertyPath: m_LODs.Array.data[2].renderers.Array.size
      value: 1
      objectReference: {fileID: 0}
    - target: {fileID: 1637376424, guid: 1d60b60fa598fb74c87915174beca010, type: 3}
      propertyPath: m_LODs.Array.size
      value: 3
      objectReference: {fileID: 0}
    - target: {fileID: 1637376424, guid: 1d60b60fa598fb74c87915174beca010, type: 3}
      propertyPath: m_LODs.Array.data[0].renderers.Array.size
      value: 0
      objectReference: {fileID: 0}
    - target: {fileID: 1637376424, guid: 1d60b60fa598fb74c87915174beca010, type: 3}
      propertyPath: m_LODs.Array.data[0].screenRelativeHeight
      value: 0.30104563
      objectReference: {fileID: 0}
    - target: {fileID: 1637376424, guid: 1d60b60fa598fb74c87915174beca010, type: 3}
      propertyPath: m_LocalReferencePoint.x
      value: 0.0000009536743
      objectReference: {fileID: 0}
    - target: {fileID: 1637376424, guid: 1d60b60fa598fb74c87915174beca010, type: 3}
      propertyPath: m_LocalReferencePoint.y
      value: 10.675838
      objectReference: {fileID: 0}
    - target: {fileID: 1637376424, guid: 1d60b60fa598fb74c87915174beca010, type: 3}
      propertyPath: m_LocalReferencePoint.z
      value: 0
      objectReference: {fileID: 0}
    - target: {fileID: 1637376424, guid: 1d60b60fa598fb74c87915174beca010, type: 3}
      propertyPath: m_Size
      value: 25.195335
      objectReference: {fileID: 0}
    - target: {fileID: 1637376424, guid: 1d60b60fa598fb74c87915174beca010, type: 3}
      propertyPath: m_LODs.Array.data[1].screenRelativeHeight
      value: 0
      objectReference: {fileID: 0}
    - target: {fileID: 1637376424, guid: 1d60b60fa598fb74c87915174beca010, type: 3}
      propertyPath: m_Enabled
      value: 1
      objectReference: {fileID: 0}
    - target: {fileID: 1637376423, guid: 1d60b60fa598fb74c87915174beca010, type: 3}
      propertyPath: m_Enabled
      value: 0
      objectReference: {fileID: 0}
    - target: {fileID: 1637376423, guid: 1d60b60fa598fb74c87915174beca010, type: 3}
      propertyPath: m_Convex
      value: 1
      objectReference: {fileID: 0}
    - target: {fileID: 376706415763544228, guid: 1d60b60fa598fb74c87915174beca010,
        type: 3}
      propertyPath: m_IsActive
      value: 1
      objectReference: {fileID: 0}
    - target: {fileID: 568896499935755015, guid: 1d60b60fa598fb74c87915174beca010,
        type: 3}
      propertyPath: m_LODs.Array.size
      value: 3
      objectReference: {fileID: 0}
    - target: {fileID: 568896499935755015, guid: 1d60b60fa598fb74c87915174beca010,
        type: 3}
      propertyPath: m_LODs.Array.data[0].screenRelativeHeight
      value: 0.3
      objectReference: {fileID: 0}
    - target: {fileID: 568896499935755015, guid: 1d60b60fa598fb74c87915174beca010,
        type: 3}
      propertyPath: m_Enabled
      value: 1
      objectReference: {fileID: 0}
    - target: {fileID: 568896499935755015, guid: 1d60b60fa598fb74c87915174beca010,
        type: 3}
      propertyPath: m_LODs.Array.data[1].screenRelativeHeight
      value: 0
      objectReference: {fileID: 0}
    - target: {fileID: 568896499935755015, guid: 1d60b60fa598fb74c87915174beca010,
        type: 3}
      propertyPath: m_LODs.Array.data[0].renderers.Array.data[0].renderer
      value: 
      objectReference: {fileID: 146862542}
    - target: {fileID: 568896499935755015, guid: 1d60b60fa598fb74c87915174beca010,
        type: 3}
      propertyPath: m_LODs.Array.data[1].renderers.Array.data[0].renderer
      value: 
      objectReference: {fileID: 146862541}
    - target: {fileID: 568896499935755015, guid: 1d60b60fa598fb74c87915174beca010,
        type: 3}
      propertyPath: m_LODs.Array.data[2].renderers.Array.data[0].renderer
      value: 
      objectReference: {fileID: 146862540}
    - target: {fileID: 421215437537656783, guid: 1d60b60fa598fb74c87915174beca010,
        type: 3}
      propertyPath: m_Enabled
      value: 0
      objectReference: {fileID: 0}
    - target: {fileID: 569198970630192718, guid: 1d60b60fa598fb74c87915174beca010,
        type: 3}
      propertyPath: m_LODs.Array.data[1].renderers.Array.size
      value: 0
      objectReference: {fileID: 0}
    - target: {fileID: 569198970630192718, guid: 1d60b60fa598fb74c87915174beca010,
        type: 3}
      propertyPath: m_Enabled
      value: 1
      objectReference: {fileID: 0}
    - target: {fileID: 1637376425, guid: 1d60b60fa598fb74c87915174beca010, type: 3}
      propertyPath: m_Enabled
      value: 0
      objectReference: {fileID: 0}
    - target: {fileID: 55710628, guid: 1d60b60fa598fb74c87915174beca010, type: 3}
      propertyPath: m_IsActive
      value: 1
      objectReference: {fileID: 0}
    - target: {fileID: 376099889395146901, guid: 1d60b60fa598fb74c87915174beca010,
        type: 3}
      propertyPath: m_IsActive
      value: 1
      objectReference: {fileID: 0}
    - target: {fileID: 376099888970237852, guid: 1d60b60fa598fb74c87915174beca010,
        type: 3}
      propertyPath: m_IsActive
      value: 1
      objectReference: {fileID: 0}
    - target: {fileID: 376099888817332574, guid: 1d60b60fa598fb74c87915174beca010,
        type: 3}
      propertyPath: m_IsActive
      value: 1
      objectReference: {fileID: 0}
    - target: {fileID: 376582174354352847, guid: 1d60b60fa598fb74c87915174beca010,
        type: 3}
      propertyPath: m_IsActive
      value: 1
      objectReference: {fileID: 0}
    - target: {fileID: 376582174899749023, guid: 1d60b60fa598fb74c87915174beca010,
        type: 3}
      propertyPath: m_IsActive
      value: 1
      objectReference: {fileID: 0}
    - target: {fileID: 376582174764302354, guid: 1d60b60fa598fb74c87915174beca010,
        type: 3}
      propertyPath: m_IsActive
      value: 1
      objectReference: {fileID: 0}
    - target: {fileID: 376582175444874820, guid: 1d60b60fa598fb74c87915174beca010,
        type: 3}
      propertyPath: m_IsActive
      value: 1
      objectReference: {fileID: 0}
    - target: {fileID: 376582175312887368, guid: 1d60b60fa598fb74c87915174beca010,
        type: 3}
      propertyPath: m_IsActive
      value: 1
      objectReference: {fileID: 0}
    - target: {fileID: 376582175707506960, guid: 1d60b60fa598fb74c87915174beca010,
        type: 3}
      propertyPath: m_IsActive
      value: 1
      objectReference: {fileID: 0}
    - target: {fileID: 376469138775671535, guid: 1d60b60fa598fb74c87915174beca010,
        type: 3}
      propertyPath: m_IsActive
      value: 1
      objectReference: {fileID: 0}
    - target: {fileID: 376469138609497119, guid: 1d60b60fa598fb74c87915174beca010,
        type: 3}
      propertyPath: m_IsActive
      value: 1
      objectReference: {fileID: 0}
    - target: {fileID: 376469138605748424, guid: 1d60b60fa598fb74c87915174beca010,
        type: 3}
      propertyPath: m_IsActive
      value: 1
      objectReference: {fileID: 0}
    - target: {fileID: 376469138649016776, guid: 1d60b60fa598fb74c87915174beca010,
        type: 3}
      propertyPath: m_IsActive
      value: 1
      objectReference: {fileID: 0}
    - target: {fileID: 376469138387873445, guid: 1d60b60fa598fb74c87915174beca010,
        type: 3}
      propertyPath: m_IsActive
      value: 1
      objectReference: {fileID: 0}
    - target: {fileID: 376469138046735168, guid: 1d60b60fa598fb74c87915174beca010,
        type: 3}
      propertyPath: m_IsActive
      value: 1
      objectReference: {fileID: 0}
    - target: {fileID: 376469138051871183, guid: 1d60b60fa598fb74c87915174beca010,
        type: 3}
      propertyPath: m_IsActive
      value: 1
      objectReference: {fileID: 0}
    - target: {fileID: 376469137974361503, guid: 1d60b60fa598fb74c87915174beca010,
        type: 3}
      propertyPath: m_IsActive
      value: 1
      objectReference: {fileID: 0}
    - target: {fileID: 376469137944605463, guid: 1d60b60fa598fb74c87915174beca010,
        type: 3}
      propertyPath: m_IsActive
      value: 1
      objectReference: {fileID: 0}
    - target: {fileID: 376469137766871018, guid: 1d60b60fa598fb74c87915174beca010,
        type: 3}
      propertyPath: m_IsActive
      value: 1
      objectReference: {fileID: 0}
    - target: {fileID: 376469137485574598, guid: 1d60b60fa598fb74c87915174beca010,
        type: 3}
      propertyPath: m_IsActive
      value: 1
      objectReference: {fileID: 0}
    - target: {fileID: 376469137547353010, guid: 1d60b60fa598fb74c87915174beca010,
        type: 3}
      propertyPath: m_IsActive
      value: 1
      objectReference: {fileID: 0}
    - target: {fileID: 376469137590766016, guid: 1d60b60fa598fb74c87915174beca010,
        type: 3}
      propertyPath: m_IsActive
      value: 1
      objectReference: {fileID: 0}
    - target: {fileID: 376469137209786015, guid: 1d60b60fa598fb74c87915174beca010,
        type: 3}
      propertyPath: m_IsActive
      value: 1
      objectReference: {fileID: 0}
    - target: {fileID: 376784534776549735, guid: 1d60b60fa598fb74c87915174beca010,
        type: 3}
      propertyPath: m_IsActive
      value: 1
      objectReference: {fileID: 0}
    - target: {fileID: 376784535559752343, guid: 1d60b60fa598fb74c87915174beca010,
        type: 3}
      propertyPath: m_IsActive
      value: 1
      objectReference: {fileID: 0}
    - target: {fileID: 376784535389744526, guid: 1d60b60fa598fb74c87915174beca010,
        type: 3}
      propertyPath: m_IsActive
      value: 1
      objectReference: {fileID: 0}
    - target: {fileID: 376784533901139231, guid: 1d60b60fa598fb74c87915174beca010,
        type: 3}
      propertyPath: m_IsActive
      value: 1
      objectReference: {fileID: 0}
    - target: {fileID: 376784534427431010, guid: 1d60b60fa598fb74c87915174beca010,
        type: 3}
      propertyPath: m_IsActive
      value: 1
      objectReference: {fileID: 0}
    - target: {fileID: 376784534251469613, guid: 1d60b60fa598fb74c87915174beca010,
        type: 3}
      propertyPath: m_IsActive
      value: 1
      objectReference: {fileID: 0}
    - target: {fileID: 376544601611334689, guid: 1d60b60fa598fb74c87915174beca010,
        type: 3}
      propertyPath: m_IsActive
      value: 1
      objectReference: {fileID: 0}
    - target: {fileID: 376544600217161539, guid: 1d60b60fa598fb74c87915174beca010,
        type: 3}
      propertyPath: m_IsActive
      value: 1
      objectReference: {fileID: 0}
    - target: {fileID: 376544600708483810, guid: 1d60b60fa598fb74c87915174beca010,
        type: 3}
      propertyPath: m_IsActive
      value: 1
      objectReference: {fileID: 0}
    - target: {fileID: 376544599671467962, guid: 1d60b60fa598fb74c87915174beca010,
        type: 3}
      propertyPath: m_IsActive
      value: 1
      objectReference: {fileID: 0}
    - target: {fileID: 376544600022738400, guid: 1d60b60fa598fb74c87915174beca010,
        type: 3}
      propertyPath: m_IsActive
      value: 1
      objectReference: {fileID: 0}
    - target: {fileID: 376497316201148964, guid: 1d60b60fa598fb74c87915174beca010,
        type: 3}
      propertyPath: m_IsActive
      value: 1
      objectReference: {fileID: 0}
    - target: {fileID: 376497315852781320, guid: 1d60b60fa598fb74c87915174beca010,
        type: 3}
      propertyPath: m_IsActive
      value: 1
      objectReference: {fileID: 0}
    - target: {fileID: 376497315359646959, guid: 1d60b60fa598fb74c87915174beca010,
        type: 3}
      propertyPath: m_IsActive
      value: 1
      objectReference: {fileID: 0}
    - target: {fileID: 376388725928344258, guid: 1d60b60fa598fb74c87915174beca010,
        type: 3}
      propertyPath: m_IsActive
      value: 1
      objectReference: {fileID: 0}
    - target: {fileID: 376388726135192587, guid: 1d60b60fa598fb74c87915174beca010,
        type: 3}
      propertyPath: m_IsActive
      value: 1
      objectReference: {fileID: 0}
    - target: {fileID: 376388726121671684, guid: 1d60b60fa598fb74c87915174beca010,
        type: 3}
      propertyPath: m_IsActive
      value: 1
      objectReference: {fileID: 0}
    - target: {fileID: 376388725773556163, guid: 1d60b60fa598fb74c87915174beca010,
        type: 3}
      propertyPath: m_IsActive
      value: 1
      objectReference: {fileID: 0}
    - target: {fileID: 376388726555749885, guid: 1d60b60fa598fb74c87915174beca010,
        type: 3}
      propertyPath: m_IsActive
      value: 1
      objectReference: {fileID: 0}
    - target: {fileID: 376388726244166907, guid: 1d60b60fa598fb74c87915174beca010,
        type: 3}
      propertyPath: m_IsActive
      value: 1
      objectReference: {fileID: 0}
    - target: {fileID: 376388724915655128, guid: 1d60b60fa598fb74c87915174beca010,
        type: 3}
      propertyPath: m_IsActive
      value: 1
      objectReference: {fileID: 0}
    - target: {fileID: 376388724892523951, guid: 1d60b60fa598fb74c87915174beca010,
        type: 3}
      propertyPath: m_IsActive
      value: 1
      objectReference: {fileID: 0}
    - target: {fileID: 376388724909421708, guid: 1d60b60fa598fb74c87915174beca010,
        type: 3}
      propertyPath: m_IsActive
      value: 1
      objectReference: {fileID: 0}
    - target: {fileID: 376388725001129948, guid: 1d60b60fa598fb74c87915174beca010,
        type: 3}
      propertyPath: m_IsActive
      value: 1
      objectReference: {fileID: 0}
    - target: {fileID: 376388725035544880, guid: 1d60b60fa598fb74c87915174beca010,
        type: 3}
      propertyPath: m_IsActive
      value: 1
      objectReference: {fileID: 0}
    - target: {fileID: 376388724561151357, guid: 1d60b60fa598fb74c87915174beca010,
        type: 3}
      propertyPath: m_IsActive
      value: 1
      objectReference: {fileID: 0}
    - target: {fileID: 376388725347589294, guid: 1d60b60fa598fb74c87915174beca010,
        type: 3}
      propertyPath: m_IsActive
      value: 1
      objectReference: {fileID: 0}
    - target: {fileID: 376421945696437125, guid: 1d60b60fa598fb74c87915174beca010,
        type: 3}
      propertyPath: m_IsActive
      value: 1
      objectReference: {fileID: 0}
    - target: {fileID: 376421945299812880, guid: 1d60b60fa598fb74c87915174beca010,
        type: 3}
      propertyPath: m_IsActive
      value: 1
      objectReference: {fileID: 0}
    - target: {fileID: 376448950739347161, guid: 1d60b60fa598fb74c87915174beca010,
        type: 3}
      propertyPath: m_IsActive
      value: 1
      objectReference: {fileID: 0}
    - target: {fileID: 376078750307645027, guid: 1d60b60fa598fb74c87915174beca010,
        type: 3}
      propertyPath: m_IsActive
      value: 1
      objectReference: {fileID: 0}
    - target: {fileID: 376078749705743441, guid: 1d60b60fa598fb74c87915174beca010,
        type: 3}
      propertyPath: m_IsActive
      value: 1
      objectReference: {fileID: 0}
    - target: {fileID: 376078749404354424, guid: 1d60b60fa598fb74c87915174beca010,
        type: 3}
      propertyPath: m_IsActive
      value: 1
      objectReference: {fileID: 0}
    - target: {fileID: 376078749101763317, guid: 1d60b60fa598fb74c87915174beca010,
        type: 3}
      propertyPath: m_IsActive
      value: 1
      objectReference: {fileID: 0}
    - target: {fileID: 376078748334397968, guid: 1d60b60fa598fb74c87915174beca010,
        type: 3}
      propertyPath: m_IsActive
      value: 1
      objectReference: {fileID: 0}
    - target: {fileID: 376078748298670205, guid: 1d60b60fa598fb74c87915174beca010,
        type: 3}
      propertyPath: m_IsActive
      value: 1
      objectReference: {fileID: 0}
    - target: {fileID: 376663676240492399, guid: 1d60b60fa598fb74c87915174beca010,
        type: 3}
      propertyPath: m_IsActive
      value: 1
      objectReference: {fileID: 0}
    - target: {fileID: 376307012415784395, guid: 1d60b60fa598fb74c87915174beca010,
        type: 3}
      propertyPath: m_IsActive
      value: 1
      objectReference: {fileID: 0}
    - target: {fileID: 376537638206958365, guid: 1d60b60fa598fb74c87915174beca010,
        type: 3}
      propertyPath: m_IsActive
      value: 1
      objectReference: {fileID: 0}
    - target: {fileID: 376537638162765503, guid: 1d60b60fa598fb74c87915174beca010,
        type: 3}
      propertyPath: m_IsActive
      value: 1
      objectReference: {fileID: 0}
    - target: {fileID: 376537638542538311, guid: 1d60b60fa598fb74c87915174beca010,
        type: 3}
      propertyPath: m_IsActive
      value: 1
      objectReference: {fileID: 0}
    - target: {fileID: 376537638389768523, guid: 1d60b60fa598fb74c87915174beca010,
        type: 3}
      propertyPath: m_IsActive
      value: 1
      objectReference: {fileID: 0}
    - target: {fileID: 376537637751699723, guid: 1d60b60fa598fb74c87915174beca010,
        type: 3}
      propertyPath: m_IsActive
      value: 1
      objectReference: {fileID: 0}
    - target: {fileID: 376537637712281041, guid: 1d60b60fa598fb74c87915174beca010,
        type: 3}
      propertyPath: m_IsActive
      value: 1
      objectReference: {fileID: 0}
    - target: {fileID: 376537639367085381, guid: 1d60b60fa598fb74c87915174beca010,
        type: 3}
      propertyPath: m_IsActive
      value: 1
      objectReference: {fileID: 0}
    - target: {fileID: 376537639346542250, guid: 1d60b60fa598fb74c87915174beca010,
        type: 3}
      propertyPath: m_IsActive
      value: 1
      objectReference: {fileID: 0}
    - target: {fileID: 376537639206417305, guid: 1d60b60fa598fb74c87915174beca010,
        type: 3}
      propertyPath: m_IsActive
      value: 1
      objectReference: {fileID: 0}
    - target: {fileID: 376537638746261018, guid: 1d60b60fa598fb74c87915174beca010,
        type: 3}
      propertyPath: m_IsActive
      value: 1
      objectReference: {fileID: 0}
    - target: {fileID: 376537638904524171, guid: 1d60b60fa598fb74c87915174beca010,
        type: 3}
      propertyPath: m_IsActive
      value: 1
      objectReference: {fileID: 0}
    - target: {fileID: 376537638928442855, guid: 1d60b60fa598fb74c87915174beca010,
        type: 3}
      propertyPath: m_IsActive
      value: 1
      objectReference: {fileID: 0}
    - target: {fileID: 376188970475425076, guid: 1d60b60fa598fb74c87915174beca010,
        type: 3}
      propertyPath: m_IsActive
      value: 1
      objectReference: {fileID: 0}
    - target: {fileID: 376188970505829313, guid: 1d60b60fa598fb74c87915174beca010,
        type: 3}
      propertyPath: m_IsActive
      value: 1
      objectReference: {fileID: 0}
    - target: {fileID: 376188971828999665, guid: 1d60b60fa598fb74c87915174beca010,
        type: 3}
      propertyPath: m_IsActive
      value: 1
      objectReference: {fileID: 0}
    - target: {fileID: 376188971990278025, guid: 1d60b60fa598fb74c87915174beca010,
        type: 3}
      propertyPath: m_IsActive
      value: 1
      objectReference: {fileID: 0}
    - target: {fileID: 376188971260667904, guid: 1d60b60fa598fb74c87915174beca010,
        type: 3}
      propertyPath: m_IsActive
      value: 1
      objectReference: {fileID: 0}
    - target: {fileID: 376188971175326447, guid: 1d60b60fa598fb74c87915174beca010,
        type: 3}
      propertyPath: m_IsActive
      value: 1
      objectReference: {fileID: 0}
    - target: {fileID: 377104176772013673, guid: 1d60b60fa598fb74c87915174beca010,
        type: 3}
      propertyPath: m_IsActive
      value: 1
      objectReference: {fileID: 0}
    - target: {fileID: 376389194395078377, guid: 1d60b60fa598fb74c87915174beca010,
        type: 3}
      propertyPath: m_IsActive
      value: 1
      objectReference: {fileID: 0}
    - target: {fileID: 376486516469451146, guid: 1d60b60fa598fb74c87915174beca010,
        type: 3}
      propertyPath: m_IsActive
      value: 1
      objectReference: {fileID: 0}
    - target: {fileID: 376486515782004024, guid: 1d60b60fa598fb74c87915174beca010,
        type: 3}
      propertyPath: m_IsActive
      value: 1
      objectReference: {fileID: 0}
    - target: {fileID: 376057892883157695, guid: 1d60b60fa598fb74c87915174beca010,
        type: 3}
      propertyPath: m_IsActive
      value: 1
      objectReference: {fileID: 0}
    - target: {fileID: 376057892144640200, guid: 1d60b60fa598fb74c87915174beca010,
        type: 3}
      propertyPath: m_IsActive
      value: 1
      objectReference: {fileID: 0}
    - target: {fileID: 376057892034815078, guid: 1d60b60fa598fb74c87915174beca010,
        type: 3}
      propertyPath: m_IsActive
      value: 1
      objectReference: {fileID: 0}
    - target: {fileID: 376057892801101164, guid: 1d60b60fa598fb74c87915174beca010,
        type: 3}
      propertyPath: m_IsActive
      value: 1
      objectReference: {fileID: 0}
    - target: {fileID: 376136797954946165, guid: 1d60b60fa598fb74c87915174beca010,
        type: 3}
      propertyPath: m_IsActive
      value: 1
      objectReference: {fileID: 0}
    - target: {fileID: 376136797413122661, guid: 1d60b60fa598fb74c87915174beca010,
        type: 3}
      propertyPath: m_IsActive
      value: 1
      objectReference: {fileID: 0}
    - target: {fileID: 376136797711722014, guid: 1d60b60fa598fb74c87915174beca010,
        type: 3}
      propertyPath: m_IsActive
      value: 1
      objectReference: {fileID: 0}
    - target: {fileID: 376136797712502612, guid: 1d60b60fa598fb74c87915174beca010,
        type: 3}
      propertyPath: m_IsActive
      value: 1
      objectReference: {fileID: 0}
    - target: {fileID: 376738811642234689, guid: 1d60b60fa598fb74c87915174beca010,
        type: 3}
      propertyPath: m_IsActive
      value: 1
      objectReference: {fileID: 0}
    - target: {fileID: 376738813130832731, guid: 1d60b60fa598fb74c87915174beca010,
        type: 3}
      propertyPath: m_IsActive
      value: 1
      objectReference: {fileID: 0}
    - target: {fileID: 376706416041374281, guid: 1d60b60fa598fb74c87915174beca010,
        type: 3}
      propertyPath: m_IsActive
      value: 1
      objectReference: {fileID: 0}
    - target: {fileID: 376736501829885244, guid: 1d60b60fa598fb74c87915174beca010,
        type: 3}
      propertyPath: m_IsActive
      value: 1
      objectReference: {fileID: 0}
    - target: {fileID: 378117411921022795, guid: 1d60b60fa598fb74c87915174beca010,
        type: 3}
      propertyPath: m_IsActive
      value: 1
      objectReference: {fileID: 0}
    - target: {fileID: 378117412214080093, guid: 1d60b60fa598fb74c87915174beca010,
        type: 3}
      propertyPath: m_IsActive
      value: 1
      objectReference: {fileID: 0}
    - target: {fileID: 378117411482437649, guid: 1d60b60fa598fb74c87915174beca010,
        type: 3}
      propertyPath: m_IsActive
      value: 1
      objectReference: {fileID: 0}
    - target: {fileID: 378117411318152053, guid: 1d60b60fa598fb74c87915174beca010,
        type: 3}
      propertyPath: m_IsActive
      value: 1
      objectReference: {fileID: 0}
    - target: {fileID: 378117411725089335, guid: 1d60b60fa598fb74c87915174beca010,
        type: 3}
      propertyPath: m_IsActive
      value: 1
      objectReference: {fileID: 0}
    - target: {fileID: 378117410811979331, guid: 1d60b60fa598fb74c87915174beca010,
        type: 3}
      propertyPath: m_IsActive
      value: 1
      objectReference: {fileID: 0}
    - target: {fileID: 378117410835966913, guid: 1d60b60fa598fb74c87915174beca010,
        type: 3}
      propertyPath: m_IsActive
      value: 1
      objectReference: {fileID: 0}
    - target: {fileID: 378117411291580262, guid: 1d60b60fa598fb74c87915174beca010,
        type: 3}
      propertyPath: m_IsActive
      value: 1
      objectReference: {fileID: 0}
    - target: {fileID: 378117410249936163, guid: 1d60b60fa598fb74c87915174beca010,
        type: 3}
      propertyPath: m_IsActive
      value: 1
      objectReference: {fileID: 0}
    - target: {fileID: 378117410263973845, guid: 1d60b60fa598fb74c87915174beca010,
        type: 3}
      propertyPath: m_IsActive
      value: 1
      objectReference: {fileID: 0}
    - target: {fileID: 378117410677405752, guid: 1d60b60fa598fb74c87915174beca010,
        type: 3}
      propertyPath: m_IsActive
      value: 1
      objectReference: {fileID: 0}
    - target: {fileID: 376433023413086528, guid: 1d60b60fa598fb74c87915174beca010,
        type: 3}
      propertyPath: m_IsActive
      value: 1
      objectReference: {fileID: 0}
    - target: {fileID: 697515991, guid: 1d60b60fa598fb74c87915174beca010, type: 3}
      propertyPath: m_IsActive
      value: 1
      objectReference: {fileID: 0}
    - target: {fileID: 376766036064378441, guid: 1d60b60fa598fb74c87915174beca010,
        type: 3}
      propertyPath: m_IsActive
      value: 1
      objectReference: {fileID: 0}
    - target: {fileID: 376693013913223019, guid: 1d60b60fa598fb74c87915174beca010,
        type: 3}
      propertyPath: m_IsActive
      value: 1
      objectReference: {fileID: 0}
    - target: {fileID: 376081831254885241, guid: 1d60b60fa598fb74c87915174beca010,
        type: 3}
      propertyPath: m_IsActive
      value: 1
      objectReference: {fileID: 0}
    - target: {fileID: 376081830276595130, guid: 1d60b60fa598fb74c87915174beca010,
        type: 3}
      propertyPath: m_IsActive
      value: 1
      objectReference: {fileID: 0}
    - target: {fileID: 376081829826295835, guid: 1d60b60fa598fb74c87915174beca010,
        type: 3}
      propertyPath: m_IsActive
      value: 1
      objectReference: {fileID: 0}
    - target: {fileID: 376081830698095288, guid: 1d60b60fa598fb74c87915174beca010,
        type: 3}
      propertyPath: m_IsActive
      value: 1
      objectReference: {fileID: 0}
    - target: {fileID: 376081830388766946, guid: 1d60b60fa598fb74c87915174beca010,
        type: 3}
      propertyPath: m_IsActive
      value: 1
      objectReference: {fileID: 0}
    - target: {fileID: 376419804735352534, guid: 1d60b60fa598fb74c87915174beca010,
        type: 3}
      propertyPath: m_IsActive
      value: 1
      objectReference: {fileID: 0}
    - target: {fileID: 376419805058145274, guid: 1d60b60fa598fb74c87915174beca010,
        type: 3}
      propertyPath: m_IsActive
      value: 1
      objectReference: {fileID: 0}
    - target: {fileID: 376419804220837169, guid: 1d60b60fa598fb74c87915174beca010,
        type: 3}
      propertyPath: m_IsActive
      value: 1
      objectReference: {fileID: 0}
    - target: {fileID: 376417321110954054, guid: 1d60b60fa598fb74c87915174beca010,
        type: 3}
      propertyPath: m_IsActive
      value: 1
      objectReference: {fileID: 0}
    - target: {fileID: 376417321467172202, guid: 1d60b60fa598fb74c87915174beca010,
        type: 3}
      propertyPath: m_IsActive
      value: 1
      objectReference: {fileID: 0}
    - target: {fileID: 376417320907028109, guid: 1d60b60fa598fb74c87915174beca010,
        type: 3}
      propertyPath: m_IsActive
      value: 1
      objectReference: {fileID: 0}
    - target: {fileID: 378105650446527393, guid: 1d60b60fa598fb74c87915174beca010,
        type: 3}
      propertyPath: m_IsActive
      value: 1
      objectReference: {fileID: 0}
    - target: {fileID: 378105649625972074, guid: 1d60b60fa598fb74c87915174beca010,
        type: 3}
      propertyPath: m_IsActive
      value: 1
      objectReference: {fileID: 0}
    - target: {fileID: 378105649814538310, guid: 1d60b60fa598fb74c87915174beca010,
        type: 3}
      propertyPath: m_IsActive
      value: 1
      objectReference: {fileID: 0}
    - target: {fileID: 376809509005726585, guid: 1d60b60fa598fb74c87915174beca010,
        type: 3}
      propertyPath: m_IsActive
      value: 1
      objectReference: {fileID: 0}
    - target: {fileID: 376054031088263983, guid: 1d60b60fa598fb74c87915174beca010,
        type: 3}
      propertyPath: m_IsActive
      value: 1
      objectReference: {fileID: 0}
    - target: {fileID: 376054031484363450, guid: 1d60b60fa598fb74c87915174beca010,
        type: 3}
      propertyPath: m_IsActive
      value: 1
      objectReference: {fileID: 0}
    - target: {fileID: 376714837133472077, guid: 1d60b60fa598fb74c87915174beca010,
        type: 3}
      propertyPath: m_IsActive
      value: 1
      objectReference: {fileID: 0}
    - target: {fileID: 376601550823719192, guid: 1d60b60fa598fb74c87915174beca010,
        type: 3}
      propertyPath: m_IsActive
      value: 1
      objectReference: {fileID: 0}
    - target: {fileID: 376601550158659725, guid: 1d60b60fa598fb74c87915174beca010,
        type: 3}
      propertyPath: m_IsActive
      value: 1
      objectReference: {fileID: 0}
    - target: {fileID: 376726358499326270, guid: 1d60b60fa598fb74c87915174beca010,
        type: 3}
      propertyPath: m_IsActive
      value: 1
      objectReference: {fileID: 0}
    - target: {fileID: 376726358636688228, guid: 1d60b60fa598fb74c87915174beca010,
        type: 3}
      propertyPath: m_IsActive
      value: 1
      objectReference: {fileID: 0}
    - target: {fileID: 376726359151515196, guid: 1d60b60fa598fb74c87915174beca010,
        type: 3}
      propertyPath: m_IsActive
      value: 1
      objectReference: {fileID: 0}
    - target: {fileID: 376726359232975773, guid: 1d60b60fa598fb74c87915174beca010,
        type: 3}
      propertyPath: m_IsActive
      value: 1
      objectReference: {fileID: 0}
    - target: {fileID: 376726360056457471, guid: 1d60b60fa598fb74c87915174beca010,
        type: 3}
      propertyPath: m_IsActive
      value: 1
      objectReference: {fileID: 0}
    - target: {fileID: 376188170012665473, guid: 1d60b60fa598fb74c87915174beca010,
        type: 3}
      propertyPath: m_IsActive
      value: 1
      objectReference: {fileID: 0}
    - target: {fileID: 376188170072239853, guid: 1d60b60fa598fb74c87915174beca010,
        type: 3}
      propertyPath: m_IsActive
      value: 1
      objectReference: {fileID: 0}
    - target: {fileID: 376188170454353276, guid: 1d60b60fa598fb74c87915174beca010,
        type: 3}
      propertyPath: m_IsActive
      value: 1
      objectReference: {fileID: 0}
    - target: {fileID: 376188170971862476, guid: 1d60b60fa598fb74c87915174beca010,
        type: 3}
      propertyPath: m_IsActive
      value: 1
      objectReference: {fileID: 0}
    - target: {fileID: 376188170940829219, guid: 1d60b60fa598fb74c87915174beca010,
        type: 3}
      propertyPath: m_IsActive
      value: 1
      objectReference: {fileID: 0}
    - target: {fileID: 376188170844090623, guid: 1d60b60fa598fb74c87915174beca010,
        type: 3}
      propertyPath: m_IsActive
      value: 1
      objectReference: {fileID: 0}
    - target: {fileID: 376188169349791415, guid: 1d60b60fa598fb74c87915174beca010,
        type: 3}
      propertyPath: m_IsActive
      value: 1
      objectReference: {fileID: 0}
    - target: {fileID: 376188169309846125, guid: 1d60b60fa598fb74c87915174beca010,
        type: 3}
      propertyPath: m_IsActive
      value: 1
      objectReference: {fileID: 0}
    - target: {fileID: 376188169626826017, guid: 1d60b60fa598fb74c87915174beca010,
        type: 3}
      propertyPath: m_IsActive
      value: 1
      objectReference: {fileID: 0}
    - target: {fileID: 376188169477071405, guid: 1d60b60fa598fb74c87915174beca010,
        type: 3}
      propertyPath: m_IsActive
      value: 1
      objectReference: {fileID: 0}
    - target: {fileID: 376188169961875579, guid: 1d60b60fa598fb74c87915174beca010,
        type: 3}
      propertyPath: m_IsActive
      value: 1
      objectReference: {fileID: 0}
    - target: {fileID: 376188169737623001, guid: 1d60b60fa598fb74c87915174beca010,
        type: 3}
      propertyPath: m_IsActive
      value: 1
      objectReference: {fileID: 0}
    - target: {fileID: 376608796534063977, guid: 1d60b60fa598fb74c87915174beca010,
        type: 3}
      propertyPath: m_IsActive
      value: 1
      objectReference: {fileID: 0}
    - target: {fileID: 376608796557297587, guid: 1d60b60fa598fb74c87915174beca010,
        type: 3}
      propertyPath: m_IsActive
      value: 1
      objectReference: {fileID: 0}
    - target: {fileID: 376608797463781363, guid: 1d60b60fa598fb74c87915174beca010,
        type: 3}
      propertyPath: m_IsActive
      value: 1
      objectReference: {fileID: 0}
    - target: {fileID: 376608797347580159, guid: 1d60b60fa598fb74c87915174beca010,
        type: 3}
      propertyPath: m_IsActive
      value: 1
      objectReference: {fileID: 0}
    - target: {fileID: 376608797253527559, guid: 1d60b60fa598fb74c87915174beca010,
        type: 3}
      propertyPath: m_IsActive
      value: 1
      objectReference: {fileID: 0}
    - target: {fileID: 376608797146682789, guid: 1d60b60fa598fb74c87915174beca010,
        type: 3}
      propertyPath: m_IsActive
      value: 1
      objectReference: {fileID: 0}
    - target: {fileID: 376608798001863519, guid: 1d60b60fa598fb74c87915174beca010,
        type: 3}
      propertyPath: m_IsActive
      value: 1
      objectReference: {fileID: 0}
    - target: {fileID: 376608798126838579, guid: 1d60b60fa598fb74c87915174beca010,
        type: 3}
      propertyPath: m_IsActive
      value: 1
      objectReference: {fileID: 0}
    - target: {fileID: 376608797711268002, guid: 1d60b60fa598fb74c87915174beca010,
        type: 3}
      propertyPath: m_IsActive
      value: 1
      objectReference: {fileID: 0}
    - target: {fileID: 376608798294576417, guid: 1d60b60fa598fb74c87915174beca010,
        type: 3}
      propertyPath: m_IsActive
      value: 1
      objectReference: {fileID: 0}
    - target: {fileID: 376608798149994514, guid: 1d60b60fa598fb74c87915174beca010,
        type: 3}
      propertyPath: m_IsActive
      value: 1
      objectReference: {fileID: 0}
    - target: {fileID: 376608798197871613, guid: 1d60b60fa598fb74c87915174beca010,
        type: 3}
      propertyPath: m_IsActive
      value: 1
      objectReference: {fileID: 0}
    - target: {fileID: 376723675973024899, guid: 1d60b60fa598fb74c87915174beca010,
        type: 3}
      propertyPath: m_IsActive
      value: 1
      objectReference: {fileID: 0}
    - target: {fileID: 376599408660303059, guid: 1d60b60fa598fb74c87915174beca010,
        type: 3}
      propertyPath: m_IsActive
      value: 1
      objectReference: {fileID: 0}
    - target: {fileID: 378026855873538070, guid: 1d60b60fa598fb74c87915174beca010,
        type: 3}
      propertyPath: m_IsActive
      value: 1
      objectReference: {fileID: 0}
    - target: {fileID: 378026855627092252, guid: 1d60b60fa598fb74c87915174beca010,
        type: 3}
      propertyPath: m_IsActive
      value: 1
      objectReference: {fileID: 0}
    - target: {fileID: 378026855216784818, guid: 1d60b60fa598fb74c87915174beca010,
        type: 3}
      propertyPath: m_IsActive
      value: 1
      objectReference: {fileID: 0}
    - target: {fileID: 378026856492435397, guid: 1d60b60fa598fb74c87915174beca010,
        type: 3}
      propertyPath: m_IsActive
      value: 1
      objectReference: {fileID: 0}
    - target: {fileID: 376468517062333300, guid: 1d60b60fa598fb74c87915174beca010,
        type: 3}
      propertyPath: m_IsActive
      value: 1
      objectReference: {fileID: 0}
    - target: {fileID: 376468517327583641, guid: 1d60b60fa598fb74c87915174beca010,
        type: 3}
      propertyPath: m_IsActive
      value: 1
      objectReference: {fileID: 0}
    - target: {fileID: 376238849712061298, guid: 1d60b60fa598fb74c87915174beca010,
        type: 3}
      propertyPath: m_IsActive
      value: 1
      objectReference: {fileID: 0}
    - target: {fileID: 376238849890949719, guid: 1d60b60fa598fb74c87915174beca010,
        type: 3}
      propertyPath: m_IsActive
      value: 1
      objectReference: {fileID: 0}
    - target: {fileID: 376238849797494741, guid: 1d60b60fa598fb74c87915174beca010,
        type: 3}
      propertyPath: m_IsActive
      value: 1
      objectReference: {fileID: 0}
    - target: {fileID: 376238850293629996, guid: 1d60b60fa598fb74c87915174beca010,
        type: 3}
      propertyPath: m_IsActive
      value: 1
      objectReference: {fileID: 0}
    - target: {fileID: 376238850419437879, guid: 1d60b60fa598fb74c87915174beca010,
        type: 3}
      propertyPath: m_IsActive
      value: 1
      objectReference: {fileID: 0}
    - target: {fileID: 376238850429256641, guid: 1d60b60fa598fb74c87915174beca010,
        type: 3}
      propertyPath: m_IsActive
      value: 1
      objectReference: {fileID: 0}
    - target: {fileID: 376238850634956361, guid: 1d60b60fa598fb74c87915174beca010,
        type: 3}
      propertyPath: m_IsActive
      value: 1
      objectReference: {fileID: 0}
    - target: {fileID: 376238850861986655, guid: 1d60b60fa598fb74c87915174beca010,
        type: 3}
      propertyPath: m_IsActive
      value: 1
      objectReference: {fileID: 0}
    - target: {fileID: 376238851358107171, guid: 1d60b60fa598fb74c87915174beca010,
        type: 3}
      propertyPath: m_IsActive
      value: 1
      objectReference: {fileID: 0}
    - target: {fileID: 376238851488155489, guid: 1d60b60fa598fb74c87915174beca010,
        type: 3}
      propertyPath: m_IsActive
      value: 1
      objectReference: {fileID: 0}
    - target: {fileID: 376238851635033093, guid: 1d60b60fa598fb74c87915174beca010,
        type: 3}
      propertyPath: m_IsActive
      value: 1
      objectReference: {fileID: 0}
    - target: {fileID: 376652222030539387, guid: 1d60b60fa598fb74c87915174beca010,
        type: 3}
      propertyPath: m_IsActive
      value: 1
      objectReference: {fileID: 0}
    - target: {fileID: 378107205385074587, guid: 1d60b60fa598fb74c87915174beca010,
        type: 3}
      propertyPath: m_IsActive
      value: 1
      objectReference: {fileID: 0}
    - target: {fileID: 378107205100887414, guid: 1d60b60fa598fb74c87915174beca010,
        type: 3}
      propertyPath: m_IsActive
      value: 1
      objectReference: {fileID: 0}
    - target: {fileID: 697515994, guid: 1d60b60fa598fb74c87915174beca010, type: 3}
      propertyPath: InitialModule.startSize.minScalar
      value: 1
      objectReference: {fileID: 0}
    - target: {fileID: 697515994, guid: 1d60b60fa598fb74c87915174beca010, type: 3}
      propertyPath: InitialModule.startSize.scalar
      value: 5
      objectReference: {fileID: 0}
    - target: {fileID: 378065819955589514, guid: 1d60b60fa598fb74c87915174beca010,
        type: 3}
      propertyPath: m_IsActive
      value: 1
      objectReference: {fileID: 0}
    - target: {fileID: 378065819849958692, guid: 1d60b60fa598fb74c87915174beca010,
        type: 3}
      propertyPath: m_IsActive
      value: 1
      objectReference: {fileID: 0}
    - target: {fileID: 378065819130194048, guid: 1d60b60fa598fb74c87915174beca010,
        type: 3}
      propertyPath: m_IsActive
      value: 1
      objectReference: {fileID: 0}
    - target: {fileID: 378065821124298579, guid: 1d60b60fa598fb74c87915174beca010,
        type: 3}
      propertyPath: m_IsActive
      value: 1
      objectReference: {fileID: 0}
    - target: {fileID: 376730640684117880, guid: 1d60b60fa598fb74c87915174beca010,
        type: 3}
      propertyPath: m_IsActive
      value: 1
      objectReference: {fileID: 0}
    - target: {fileID: 376730641442076274, guid: 1d60b60fa598fb74c87915174beca010,
        type: 3}
      propertyPath: m_IsActive
      value: 1
      objectReference: {fileID: 0}
    - target: {fileID: 376730641034388188, guid: 1d60b60fa598fb74c87915174beca010,
        type: 3}
      propertyPath: m_IsActive
      value: 1
      objectReference: {fileID: 0}
    - target: {fileID: 376730642443337899, guid: 1d60b60fa598fb74c87915174beca010,
        type: 3}
      propertyPath: m_IsActive
      value: 1
      objectReference: {fileID: 0}
    - target: {fileID: 376340111538435974, guid: 1d60b60fa598fb74c87915174beca010,
        type: 3}
      propertyPath: m_IsActive
      value: 1
      objectReference: {fileID: 0}
    - target: {fileID: 376340111942378280, guid: 1d60b60fa598fb74c87915174beca010,
        type: 3}
      propertyPath: m_IsActive
      value: 1
      objectReference: {fileID: 0}
    - target: {fileID: 376340111050013218, guid: 1d60b60fa598fb74c87915174beca010,
        type: 3}
      propertyPath: m_IsActive
      value: 1
      objectReference: {fileID: 0}
    - target: {fileID: 376340110665422321, guid: 1d60b60fa598fb74c87915174beca010,
        type: 3}
      propertyPath: m_IsActive
      value: 1
      objectReference: {fileID: 0}
    - target: {fileID: 575747478878020632, guid: 1d60b60fa598fb74c87915174beca010,
        type: 3}
      propertyPath: InitialModule.startSize.minScalar
      value: 1
      objectReference: {fileID: 0}
    - target: {fileID: 575747478878020632, guid: 1d60b60fa598fb74c87915174beca010,
        type: 3}
      propertyPath: InitialModule.startSize.scalar
      value: 5
      objectReference: {fileID: 0}
    - target: {fileID: 575747478514167362, guid: 1d60b60fa598fb74c87915174beca010,
        type: 3}
      propertyPath: InitialModule.startSize.minScalar
      value: 1
      objectReference: {fileID: 0}
    - target: {fileID: 575747478514167362, guid: 1d60b60fa598fb74c87915174beca010,
        type: 3}
      propertyPath: InitialModule.startSize.scalar
      value: 5
      objectReference: {fileID: 0}
    - target: {fileID: 575747479567960858, guid: 1d60b60fa598fb74c87915174beca010,
        type: 3}
      propertyPath: InitialModule.startSize.minScalar
      value: 1
      objectReference: {fileID: 0}
    - target: {fileID: 575747479567960858, guid: 1d60b60fa598fb74c87915174beca010,
        type: 3}
      propertyPath: InitialModule.startSize.scalar
      value: 5
      objectReference: {fileID: 0}
    - target: {fileID: 575747479075720891, guid: 1d60b60fa598fb74c87915174beca010,
        type: 3}
      propertyPath: InitialModule.startSize.minScalar
      value: 1
      objectReference: {fileID: 0}
    - target: {fileID: 575747479075720891, guid: 1d60b60fa598fb74c87915174beca010,
        type: 3}
      propertyPath: InitialModule.startSize.scalar
      value: 5
      objectReference: {fileID: 0}
    - target: {fileID: 575747480466617817, guid: 1d60b60fa598fb74c87915174beca010,
        type: 3}
      propertyPath: InitialModule.startSize.minScalar
      value: 1
      objectReference: {fileID: 0}
    - target: {fileID: 575747480466617817, guid: 1d60b60fa598fb74c87915174beca010,
        type: 3}
      propertyPath: InitialModule.startSize.scalar
      value: 5
      objectReference: {fileID: 0}
    m_RemovedComponents: []
  m_SourcePrefab: {fileID: 100100000, guid: 1d60b60fa598fb74c87915174beca010, type: 3}
--- !u!4 &146862539 stripped
Transform:
  m_CorrespondingSourceObject: {fileID: 228258370, guid: 1d60b60fa598fb74c87915174beca010,
    type: 3}
  m_PrefabInstance: {fileID: 146862538}
  m_PrefabAsset: {fileID: 0}
--- !u!23 &146862540 stripped
MeshRenderer:
  m_CorrespondingSourceObject: {fileID: 389605309199601417, guid: 1d60b60fa598fb74c87915174beca010,
    type: 3}
  m_PrefabInstance: {fileID: 146862538}
  m_PrefabAsset: {fileID: 0}
--- !u!23 &146862541 stripped
MeshRenderer:
  m_CorrespondingSourceObject: {fileID: 389994855053899775, guid: 1d60b60fa598fb74c87915174beca010,
    type: 3}
  m_PrefabInstance: {fileID: 146862538}
  m_PrefabAsset: {fileID: 0}
--- !u!23 &146862542 stripped
MeshRenderer:
  m_CorrespondingSourceObject: {fileID: 389573334870005505, guid: 1d60b60fa598fb74c87915174beca010,
    type: 3}
  m_PrefabInstance: {fileID: 146862538}
  m_PrefabAsset: {fileID: 0}
--- !u!1 &229922748
GameObject:
  m_ObjectHideFlags: 0
  m_CorrespondingSourceObject: {fileID: 0}
  m_PrefabInstance: {fileID: 0}
  m_PrefabAsset: {fileID: 0}
  serializedVersion: 6
  m_Component:
  - component: {fileID: 229922752}
  - component: {fileID: 229922751}
  - component: {fileID: 229922750}
  - component: {fileID: 229922749}
  m_Layer: 0
  m_Name: Canvas
  m_TagString: Untagged
  m_Icon: {fileID: 0}
  m_NavMeshLayer: 0
  m_StaticEditorFlags: 0
  m_IsActive: 1
--- !u!114 &229922749
MonoBehaviour:
  m_ObjectHideFlags: 0
  m_CorrespondingSourceObject: {fileID: 0}
  m_PrefabInstance: {fileID: 0}
  m_PrefabAsset: {fileID: 0}
  m_GameObject: {fileID: 229922748}
  m_Enabled: 1
  m_EditorHideFlags: 0
  m_Script: {fileID: 1980459831, guid: f70555f144d8491a825f0804e09c671c, type: 3}
  m_Name: 
  m_EditorClassIdentifier: 
  m_UiScaleMode: 1
  m_ReferencePixelsPerUnit: 100
  m_ScaleFactor: 1
  m_ReferenceResolution: {x: 800, y: 600}
  m_ScreenMatchMode: 0
  m_MatchWidthOrHeight: 1
  m_PhysicalUnit: 3
  m_FallbackScreenDPI: 96
  m_DefaultSpriteDPI: 96
  m_DynamicPixelsPerUnit: 1
--- !u!114 &229922750
MonoBehaviour:
  m_ObjectHideFlags: 0
  m_CorrespondingSourceObject: {fileID: 0}
  m_PrefabInstance: {fileID: 0}
  m_PrefabAsset: {fileID: 0}
  m_GameObject: {fileID: 229922748}
  m_Enabled: 1
  m_EditorHideFlags: 0
  m_Script: {fileID: 1301386320, guid: f70555f144d8491a825f0804e09c671c, type: 3}
  m_Name: 
  m_EditorClassIdentifier: 
  m_IgnoreReversedGraphics: 1
  m_BlockingObjects: 0
  m_BlockingMask:
    serializedVersion: 2
    m_Bits: 4294967295
--- !u!223 &229922751
Canvas:
  m_ObjectHideFlags: 0
  m_CorrespondingSourceObject: {fileID: 0}
  m_PrefabInstance: {fileID: 0}
  m_PrefabAsset: {fileID: 0}
  m_GameObject: {fileID: 229922748}
  m_Enabled: 1
  serializedVersion: 3
  m_RenderMode: 0
  m_Camera: {fileID: 2125237747}
  m_PlaneDistance: 100
  m_PixelPerfect: 0
  m_ReceivesEvents: 1
  m_OverrideSorting: 0
  m_OverridePixelPerfect: 0
  m_SortingBucketNormalizedSize: 0
  m_AdditionalShaderChannelsFlag: 0
  m_SortingLayerID: 0
  m_SortingOrder: 0
  m_TargetDisplay: 0
--- !u!224 &229922752
RectTransform:
  m_ObjectHideFlags: 0
  m_CorrespondingSourceObject: {fileID: 0}
  m_PrefabInstance: {fileID: 0}
  m_PrefabAsset: {fileID: 0}
  m_GameObject: {fileID: 229922748}
  m_LocalRotation: {x: 0, y: 0, z: 0, w: 1}
  m_LocalPosition: {x: 0, y: 0, z: 0}
  m_LocalScale: {x: 0, y: 0, z: 0}
  m_Children:
  - {fileID: 1990371706}
  - {fileID: 830919939}
  m_Father: {fileID: 0}
  m_RootOrder: 3
  m_LocalEulerAnglesHint: {x: 0, y: 0, z: 0}
  m_AnchorMin: {x: 0, y: 0}
  m_AnchorMax: {x: 0, y: 0}
  m_AnchoredPosition: {x: 0, y: 0}
  m_SizeDelta: {x: 0, y: 0}
  m_Pivot: {x: 0, y: 0}
--- !u!1 &600191217
GameObject:
  m_ObjectHideFlags: 0
  m_CorrespondingSourceObject: {fileID: 0}
  m_PrefabInstance: {fileID: 0}
  m_PrefabAsset: {fileID: 0}
  serializedVersion: 6
  m_Component:
  - component: {fileID: 600191218}
  - component: {fileID: 600191221}
  - component: {fileID: 600191220}
  - component: {fileID: 600191219}
  m_Layer: 0
  m_Name: BtnEnableCamera
  m_TagString: Untagged
  m_Icon: {fileID: 0}
  m_NavMeshLayer: 0
  m_StaticEditorFlags: 0
  m_IsActive: 1
--- !u!224 &600191218
RectTransform:
  m_ObjectHideFlags: 0
  m_CorrespondingSourceObject: {fileID: 0}
  m_PrefabInstance: {fileID: 0}
  m_PrefabAsset: {fileID: 0}
  m_GameObject: {fileID: 600191217}
  m_LocalRotation: {x: 0, y: 0, z: 0, w: 1}
  m_LocalPosition: {x: 0, y: 0, z: 0}
  m_LocalScale: {x: 1, y: 1, z: 1}
  m_Children:
  - {fileID: 2065450565}
  m_Father: {fileID: 1990371706}
  m_RootOrder: 0
  m_LocalEulerAnglesHint: {x: 0, y: 0, z: 0}
  m_AnchorMin: {x: 0.5, y: 0.5}
  m_AnchorMax: {x: 0.5, y: 0.5}
  m_AnchoredPosition: {x: -60, y: -59.52}
  m_SizeDelta: {x: 100, y: 30}
  m_Pivot: {x: 0.5, y: 0.5}
--- !u!114 &600191219
MonoBehaviour:
  m_ObjectHideFlags: 0
  m_CorrespondingSourceObject: {fileID: 0}
  m_PrefabInstance: {fileID: 0}
  m_PrefabAsset: {fileID: 0}
  m_GameObject: {fileID: 600191217}
  m_Enabled: 1
  m_EditorHideFlags: 0
  m_Script: {fileID: 1392445389, guid: f70555f144d8491a825f0804e09c671c, type: 3}
  m_Name: 
  m_EditorClassIdentifier: 
  m_Navigation:
    m_Mode: 3
    m_SelectOnUp: {fileID: 0}
    m_SelectOnDown: {fileID: 0}
    m_SelectOnLeft: {fileID: 0}
    m_SelectOnRight: {fileID: 0}
  m_Transition: 1
  m_Colors:
    m_NormalColor: {r: 1, g: 1, b: 1, a: 1}
    m_HighlightedColor: {r: 0.9607843, g: 0.9607843, b: 0.9607843, a: 1}
    m_PressedColor: {r: 0.78431374, g: 0.78431374, b: 0.78431374, a: 1}
    m_DisabledColor: {r: 0.78431374, g: 0.78431374, b: 0.78431374, a: 0.5019608}
    m_ColorMultiplier: 1
    m_FadeDuration: 0.1
  m_SpriteState:
    m_HighlightedSprite: {fileID: 0}
    m_PressedSprite: {fileID: 0}
    m_DisabledSprite: {fileID: 0}
  m_AnimationTriggers:
    m_NormalTrigger: Normal
    m_HighlightedTrigger: Highlighted
    m_PressedTrigger: Pressed
    m_DisabledTrigger: Disabled
  m_Interactable: 1
  m_TargetGraphic: {fileID: 600191220}
  m_OnClick:
    m_PersistentCalls:
      m_Calls:
      - m_Target: {fileID: 1925257427}
        m_MethodName: AskForCameraPermission
        m_Mode: 1
        m_Arguments:
          m_ObjectArgument: {fileID: 0}
          m_ObjectArgumentAssemblyTypeName: UnityEngine.Object, UnityEngine
          m_IntArgument: 0
          m_FloatArgument: 0
          m_StringArgument: 
          m_BoolArgument: 0
        m_CallState: 2
    m_TypeName: UnityEngine.UI.Button+ButtonClickedEvent, UnityEngine.UI, Version=1.0.0.0,
      Culture=neutral, PublicKeyToken=null
--- !u!114 &600191220
MonoBehaviour:
  m_ObjectHideFlags: 0
  m_CorrespondingSourceObject: {fileID: 0}
  m_PrefabInstance: {fileID: 0}
  m_PrefabAsset: {fileID: 0}
  m_GameObject: {fileID: 600191217}
  m_Enabled: 1
  m_EditorHideFlags: 0
  m_Script: {fileID: -765806418, guid: f70555f144d8491a825f0804e09c671c, type: 3}
  m_Name: 
  m_EditorClassIdentifier: 
  m_Material: {fileID: 0}
  m_Color: {r: 1, g: 1, b: 1, a: 1}
  m_RaycastTarget: 1
  m_OnCullStateChanged:
    m_PersistentCalls:
      m_Calls: []
    m_TypeName: UnityEngine.UI.MaskableGraphic+CullStateChangedEvent, UnityEngine.UI,
      Version=1.0.0.0, Culture=neutral, PublicKeyToken=null
  m_Sprite: {fileID: 10905, guid: 0000000000000000f000000000000000, type: 0}
  m_Type: 1
  m_PreserveAspect: 0
  m_FillCenter: 1
  m_FillMethod: 4
  m_FillAmount: 1
  m_FillClockwise: 1
  m_FillOrigin: 0
  m_UseSpriteMesh: 0
--- !u!222 &600191221
CanvasRenderer:
  m_ObjectHideFlags: 0
  m_CorrespondingSourceObject: {fileID: 0}
  m_PrefabInstance: {fileID: 0}
  m_PrefabAsset: {fileID: 0}
  m_GameObject: {fileID: 600191217}
  m_CullTransparentMesh: 0
--- !u!1 &830919938
GameObject:
  m_ObjectHideFlags: 0
  m_CorrespondingSourceObject: {fileID: 0}
  m_PrefabInstance: {fileID: 0}
  m_PrefabAsset: {fileID: 0}
  serializedVersion: 6
  m_Component:
  - component: {fileID: 830919939}
  - component: {fileID: 830919942}
  - component: {fileID: 830919941}
  - component: {fileID: 830919940}
  m_Layer: 0
  m_Name: Info
  m_TagString: Untagged
  m_Icon: {fileID: 0}
  m_NavMeshLayer: 0
  m_StaticEditorFlags: 0
  m_IsActive: 1
--- !u!224 &830919939
RectTransform:
  m_ObjectHideFlags: 0
  m_CorrespondingSourceObject: {fileID: 0}
  m_PrefabInstance: {fileID: 0}
  m_PrefabAsset: {fileID: 0}
  m_GameObject: {fileID: 830919938}
  m_LocalRotation: {x: 0, y: 0, z: 0, w: 1}
  m_LocalPosition: {x: 0, y: 0, z: 0}
  m_LocalScale: {x: 1, y: 1, z: 1}
  m_Children: []
  m_Father: {fileID: 229922752}
  m_RootOrder: 1
  m_LocalEulerAnglesHint: {x: 0, y: 0, z: 0}
  m_AnchorMin: {x: 0, y: 0}
  m_AnchorMax: {x: 1, y: 0}
  m_AnchoredPosition: {x: 0, y: 15}
  m_SizeDelta: {x: 0, y: 30}
  m_Pivot: {x: 0.5, y: 0.5}
--- !u!114 &830919940
MonoBehaviour:
  m_ObjectHideFlags: 0
  m_CorrespondingSourceObject: {fileID: 0}
  m_PrefabInstance: {fileID: 0}
  m_PrefabAsset: {fileID: 0}
  m_GameObject: {fileID: 830919938}
  m_Enabled: 1
  m_EditorHideFlags: 0
  m_Script: {fileID: 11500000, guid: 5b9875e0ffb92df4da91437a26aac2dd, type: 3}
  m_Name: 
  m_EditorClassIdentifier: 
  infoText: {fileID: 830919941}
  camera: {fileID: 2125237748}
  tracker: {fileID: 0}
  trackable: {fileID: 0}
  castle: {fileID: 146862539}
--- !u!114 &830919941
MonoBehaviour:
  m_ObjectHideFlags: 0
  m_CorrespondingSourceObject: {fileID: 0}
  m_PrefabInstance: {fileID: 0}
  m_PrefabAsset: {fileID: 0}
  m_GameObject: {fileID: 830919938}
  m_Enabled: 1
  m_EditorHideFlags: 0
  m_Script: {fileID: 708705254, guid: f70555f144d8491a825f0804e09c671c, type: 3}
  m_Name: 
  m_EditorClassIdentifier: 
  m_Material: {fileID: 0}
  m_Color: {r: 1, g: 1, b: 1, a: 1}
  m_RaycastTarget: 1
  m_OnCullStateChanged:
    m_PersistentCalls:
      m_Calls: []
    m_TypeName: UnityEngine.UI.MaskableGraphic+CullStateChangedEvent, UnityEngine.UI,
      Version=1.0.0.0, Culture=neutral, PublicKeyToken=null
  m_FontData:
    m_Font: {fileID: 10102, guid: 0000000000000000e000000000000000, type: 0}
    m_FontSize: 16
    m_FontStyle: 0
    m_BestFit: 0
    m_MinSize: 1
    m_MaxSize: 40
    m_Alignment: 6
    m_AlignByGeometry: 0
    m_RichText: 1
    m_HorizontalOverflow: 0
    m_VerticalOverflow: 1
    m_LineSpacing: 1
  m_Text: 'Tady bude info:

    druhy radek

    dalsi radek bude velmi dlouhy pro ucely otestovani zalamovani textu

    vyborne :)'
--- !u!222 &830919942
CanvasRenderer:
  m_ObjectHideFlags: 0
  m_CorrespondingSourceObject: {fileID: 0}
  m_PrefabInstance: {fileID: 0}
  m_PrefabAsset: {fileID: 0}
  m_GameObject: {fileID: 830919938}
  m_CullTransparentMesh: 0
--- !u!1 &926180429
GameObject:
  m_ObjectHideFlags: 0
  m_CorrespondingSourceObject: {fileID: 0}
  m_PrefabInstance: {fileID: 0}
  m_PrefabAsset: {fileID: 0}
  serializedVersion: 6
  m_Component:
  - component: {fileID: 926180430}
  - component: {fileID: 926180433}
  - component: {fileID: 926180432}
  - component: {fileID: 926180431}
  m_Layer: 0
  m_Name: BtnQuit
  m_TagString: Untagged
  m_Icon: {fileID: 0}
  m_NavMeshLayer: 0
  m_StaticEditorFlags: 0
  m_IsActive: 1
--- !u!224 &926180430
RectTransform:
  m_ObjectHideFlags: 0
  m_CorrespondingSourceObject: {fileID: 0}
  m_PrefabInstance: {fileID: 0}
  m_PrefabAsset: {fileID: 0}
  m_GameObject: {fileID: 926180429}
  m_LocalRotation: {x: -0, y: -0, z: -0, w: 1}
  m_LocalPosition: {x: 0, y: 0, z: 0}
  m_LocalScale: {x: 0.9999966, y: 0.9999966, z: 0.9999966}
  m_Children:
  - {fileID: 2146034868}
  m_Father: {fileID: 1990371706}
  m_RootOrder: 1
  m_LocalEulerAnglesHint: {x: 0, y: 0, z: 0}
  m_AnchorMin: {x: 0.5, y: 0.5}
  m_AnchorMax: {x: 0.5, y: 0.5}
  m_AnchoredPosition: {x: 60, y: -59.52005}
  m_SizeDelta: {x: 100, y: 30}
  m_Pivot: {x: 0.5, y: 0.5}
--- !u!114 &926180431
MonoBehaviour:
  m_ObjectHideFlags: 0
  m_CorrespondingSourceObject: {fileID: 0}
  m_PrefabInstance: {fileID: 0}
  m_PrefabAsset: {fileID: 0}
  m_GameObject: {fileID: 926180429}
  m_Enabled: 1
  m_EditorHideFlags: 0
  m_Script: {fileID: 1392445389, guid: f70555f144d8491a825f0804e09c671c, type: 3}
  m_Name: 
  m_EditorClassIdentifier: 
  m_Navigation:
    m_Mode: 3
    m_SelectOnUp: {fileID: 0}
    m_SelectOnDown: {fileID: 0}
    m_SelectOnLeft: {fileID: 0}
    m_SelectOnRight: {fileID: 0}
  m_Transition: 1
  m_Colors:
    m_NormalColor: {r: 1, g: 1, b: 1, a: 1}
    m_HighlightedColor: {r: 0.9607843, g: 0.9607843, b: 0.9607843, a: 1}
    m_PressedColor: {r: 0.78431374, g: 0.78431374, b: 0.78431374, a: 1}
    m_DisabledColor: {r: 0.78431374, g: 0.78431374, b: 0.78431374, a: 0.5019608}
    m_ColorMultiplier: 1
    m_FadeDuration: 0.1
  m_SpriteState:
    m_HighlightedSprite: {fileID: 0}
    m_PressedSprite: {fileID: 0}
    m_DisabledSprite: {fileID: 0}
  m_AnimationTriggers:
    m_NormalTrigger: Normal
    m_HighlightedTrigger: Highlighted
    m_PressedTrigger: Pressed
    m_DisabledTrigger: Disabled
  m_Interactable: 1
  m_TargetGraphic: {fileID: 926180432}
  m_OnClick:
    m_PersistentCalls:
      m_Calls:
      - m_Target: {fileID: 1925257427}
        m_MethodName: QuitApp
        m_Mode: 1
        m_Arguments:
          m_ObjectArgument: {fileID: 0}
          m_ObjectArgumentAssemblyTypeName: UnityEngine.Object, UnityEngine
          m_IntArgument: 0
          m_FloatArgument: 0
          m_StringArgument: 
          m_BoolArgument: 0
        m_CallState: 2
    m_TypeName: UnityEngine.UI.Button+ButtonClickedEvent, UnityEngine.UI, Version=1.0.0.0,
      Culture=neutral, PublicKeyToken=null
--- !u!114 &926180432
MonoBehaviour:
  m_ObjectHideFlags: 0
  m_CorrespondingSourceObject: {fileID: 0}
  m_PrefabInstance: {fileID: 0}
  m_PrefabAsset: {fileID: 0}
  m_GameObject: {fileID: 926180429}
  m_Enabled: 1
  m_EditorHideFlags: 0
  m_Script: {fileID: -765806418, guid: f70555f144d8491a825f0804e09c671c, type: 3}
  m_Name: 
  m_EditorClassIdentifier: 
  m_Material: {fileID: 0}
  m_Color: {r: 1, g: 1, b: 1, a: 1}
  m_RaycastTarget: 1
  m_OnCullStateChanged:
    m_PersistentCalls:
      m_Calls: []
    m_TypeName: UnityEngine.UI.MaskableGraphic+CullStateChangedEvent, UnityEngine.UI,
      Version=1.0.0.0, Culture=neutral, PublicKeyToken=null
  m_Sprite: {fileID: 10905, guid: 0000000000000000f000000000000000, type: 0}
  m_Type: 1
  m_PreserveAspect: 0
  m_FillCenter: 1
  m_FillMethod: 4
  m_FillAmount: 1
  m_FillClockwise: 1
  m_FillOrigin: 0
  m_UseSpriteMesh: 0
--- !u!222 &926180433
CanvasRenderer:
  m_ObjectHideFlags: 0
  m_CorrespondingSourceObject: {fileID: 0}
  m_PrefabInstance: {fileID: 0}
  m_PrefabAsset: {fileID: 0}
  m_GameObject: {fileID: 926180429}
  m_CullTransparentMesh: 0
--- !u!1 &1709944757
GameObject:
  m_ObjectHideFlags: 0
  m_CorrespondingSourceObject: {fileID: 0}
  m_PrefabInstance: {fileID: 0}
  m_PrefabAsset: {fileID: 0}
  serializedVersion: 6
  m_Component:
  - component: {fileID: 1709944758}
  - component: {fileID: 1709944761}
  - component: {fileID: 1709944760}
  - component: {fileID: 1709944759}
  m_Layer: 0
  m_Name: Plane
  m_TagString: Untagged
  m_Icon: {fileID: 0}
  m_NavMeshLayer: 0
  m_StaticEditorFlags: 0
  m_IsActive: 1
--- !u!4 &1709944758
Transform:
  m_ObjectHideFlags: 0
  m_CorrespondingSourceObject: {fileID: 0}
  m_PrefabInstance: {fileID: 0}
  m_PrefabAsset: {fileID: 0}
  m_GameObject: {fileID: 1709944757}
  m_LocalRotation: {x: -0, y: -0, z: -0, w: 1}
  m_LocalPosition: {x: 0, y: -20.786592, z: 0}
  m_LocalScale: {x: 6.449279, y: 6.449279, z: 5.230236}
  m_Children: []
  m_Father: {fileID: 146862539}
  m_RootOrder: 110
  m_LocalEulerAnglesHint: {x: 0, y: 0, z: 0}
--- !u!64 &1709944759
MeshCollider:
  m_ObjectHideFlags: 0
  m_CorrespondingSourceObject: {fileID: 0}
  m_PrefabInstance: {fileID: 0}
  m_PrefabAsset: {fileID: 0}
  m_GameObject: {fileID: 1709944757}
  m_Material: {fileID: 0}
  m_IsTrigger: 0
  m_Enabled: 1
  serializedVersion: 3
  m_Convex: 0
  m_CookingOptions: 14
  m_Mesh: {fileID: 10209, guid: 0000000000000000e000000000000000, type: 0}
--- !u!23 &1709944760
MeshRenderer:
  m_ObjectHideFlags: 0
  m_CorrespondingSourceObject: {fileID: 0}
  m_PrefabInstance: {fileID: 0}
  m_PrefabAsset: {fileID: 0}
  m_GameObject: {fileID: 1709944757}
  m_Enabled: 1
  m_CastShadows: 0
  m_ReceiveShadows: 0
  m_DynamicOccludee: 1
  m_MotionVectors: 1
  m_LightProbeUsage: 1
  m_ReflectionProbeUsage: 1
  m_RenderingLayerMask: 1
  m_RendererPriority: 0
  m_Materials:
  - {fileID: 2100000, guid: 3b28fefc123f8df4e996d4d6e5e96862, type: 2}
  m_StaticBatchInfo:
    firstSubMesh: 0
    subMeshCount: 0
  m_StaticBatchRoot: {fileID: 0}
  m_ProbeAnchor: {fileID: 0}
  m_LightProbeVolumeOverride: {fileID: 0}
  m_ScaleInLightmap: 1
  m_PreserveUVs: 0
  m_IgnoreNormalsForChartDetection: 0
  m_ImportantGI: 0
  m_StitchLightmapSeams: 0
  m_SelectedEditorRenderState: 3
  m_MinimumChartSize: 4
  m_AutoUVMaxDistance: 0.5
  m_AutoUVMaxAngle: 89
  m_LightmapParameters: {fileID: 0}
  m_SortingLayerID: 0
  m_SortingLayer: 0
  m_SortingOrder: 0
--- !u!33 &1709944761
MeshFilter:
  m_ObjectHideFlags: 0
  m_CorrespondingSourceObject: {fileID: 0}
  m_PrefabInstance: {fileID: 0}
  m_PrefabAsset: {fileID: 0}
  m_GameObject: {fileID: 1709944757}
  m_Mesh: {fileID: 10209, guid: 0000000000000000e000000000000000, type: 0}
--- !u!1 &1710218131
GameObject:
  m_ObjectHideFlags: 0
  m_CorrespondingSourceObject: {fileID: 0}
  m_PrefabInstance: {fileID: 0}
  m_PrefabAsset: {fileID: 0}
  serializedVersion: 6
  m_Component:
  - component: {fileID: 1710218132}
  - component: {fileID: 1710218133}
  m_Layer: 0
  m_Name: Directional Light
  m_TagString: Untagged
  m_Icon: {fileID: 0}
  m_NavMeshLayer: 0
  m_StaticEditorFlags: 0
  m_IsActive: 1
--- !u!4 &1710218132
Transform:
  m_ObjectHideFlags: 0
  m_CorrespondingSourceObject: {fileID: 0}
  m_PrefabInstance: {fileID: 0}
  m_PrefabAsset: {fileID: 0}
  m_GameObject: {fileID: 1710218131}
  m_LocalRotation: {x: -0.023715671, y: -0.8283535, z: 0.36658734, w: -0.42294428}
  m_LocalPosition: {x: 0, y: -15.605489, z: 0}
  m_LocalScale: {x: 1.7270362, y: 1.7270352, z: 1.7270362}
  m_Children: []
  m_Father: {fileID: 146862539}
  m_RootOrder: 109
  m_LocalEulerAnglesHint: {x: 38.858, y: -241.341, z: -20.35}
--- !u!108 &1710218133
Light:
  m_ObjectHideFlags: 0
  m_CorrespondingSourceObject: {fileID: 0}
  m_PrefabInstance: {fileID: 0}
  m_PrefabAsset: {fileID: 0}
  m_GameObject: {fileID: 1710218131}
  m_Enabled: 1
  serializedVersion: 8
  m_Type: 1
  m_Color: {r: 1, g: 0.92114866, b: 0.7783019, a: 1}
  m_Intensity: 0.8
  m_Range: 10
  m_SpotAngle: 30
  m_CookieSize: 10
  m_Shadows:
    m_Type: 2
    m_Resolution: -1
    m_CustomResolution: -1
    m_Strength: 1
    m_Bias: 0.05
    m_NormalBias: 0.4
    m_NearPlane: 0.2
  m_Cookie: {fileID: 0}
  m_DrawHalo: 0
  m_Flare: {fileID: 0}
  m_RenderMode: 0
  m_CullingMask:
    serializedVersion: 2
    m_Bits: 4294967295
  m_Lightmapping: 1
  m_LightShadowCasterMode: 0
  m_AreaSize: {x: 1, y: 1}
  m_BounceIntensity: 1
  m_ColorTemperature: 6570
  m_UseColorTemperature: 0
  m_ShadowRadius: 0
  m_ShadowAngle: 0
--- !u!1 &1925257426
GameObject:
  m_ObjectHideFlags: 0
  m_CorrespondingSourceObject: {fileID: 0}
  m_PrefabInstance: {fileID: 0}
  m_PrefabAsset: {fileID: 0}
  serializedVersion: 6
  m_Component:
  - component: {fileID: 1925257428}
  - component: {fileID: 1925257427}
  m_Layer: 0
  m_Name: Manager
  m_TagString: Untagged
  m_Icon: {fileID: 0}
  m_NavMeshLayer: 0
  m_StaticEditorFlags: 0
  m_IsActive: 1
--- !u!114 &1925257427
MonoBehaviour:
  m_ObjectHideFlags: 0
  m_CorrespondingSourceObject: {fileID: 0}
  m_PrefabInstance: {fileID: 0}
  m_PrefabAsset: {fileID: 0}
  m_GameObject: {fileID: 1925257426}
  m_Enabled: 1
  m_EditorHideFlags: 0
  m_Script: {fileID: 11500000, guid: 469821a887310504187de0572abd0335, type: 3}
  m_Name: 
  m_EditorClassIdentifier: 
  cameraWarning: {fileID: 1990371705}
--- !u!4 &1925257428
Transform:
  m_ObjectHideFlags: 0
  m_CorrespondingSourceObject: {fileID: 0}
  m_PrefabInstance: {fileID: 0}
  m_PrefabAsset: {fileID: 0}
  m_GameObject: {fileID: 1925257426}
  m_LocalRotation: {x: 0, y: 0, z: 0, w: 1}
  m_LocalPosition: {x: 0.00000055220323, y: 18.2176, z: 0}
  m_LocalScale: {x: 1, y: 1, z: 1}
  m_Children: []
  m_Father: {fileID: 0}
  m_RootOrder: 2
  m_LocalEulerAnglesHint: {x: 0, y: 0, z: 0}
--- !u!1 &1990371705
GameObject:
  m_ObjectHideFlags: 0
  m_CorrespondingSourceObject: {fileID: 0}
  m_PrefabInstance: {fileID: 0}
  m_PrefabAsset: {fileID: 0}
  serializedVersion: 6
  m_Component:
  - component: {fileID: 1990371706}
  - component: {fileID: 1990371708}
  - component: {fileID: 1990371707}
  m_Layer: 0
  m_Name: Upozorneni
  m_TagString: Untagged
  m_Icon: {fileID: 0}
  m_NavMeshLayer: 0
  m_StaticEditorFlags: 0
  m_IsActive: 0
--- !u!224 &1990371706
RectTransform:
  m_ObjectHideFlags: 0
  m_CorrespondingSourceObject: {fileID: 0}
  m_PrefabInstance: {fileID: 0}
  m_PrefabAsset: {fileID: 0}
  m_GameObject: {fileID: 1990371705}
  m_LocalRotation: {x: 0, y: 0, z: 0, w: 1}
  m_LocalPosition: {x: 0, y: 0, z: 0}
  m_LocalScale: {x: 1, y: 1, z: 1}
  m_Children:
  - {fileID: 600191218}
  - {fileID: 926180430}
  m_Father: {fileID: 229922752}
  m_RootOrder: 0
  m_LocalEulerAnglesHint: {x: 0, y: 0, z: 0}
  m_AnchorMin: {x: 0, y: 1}
  m_AnchorMax: {x: 1, y: 1}
  m_AnchoredPosition: {x: 0, y: -250}
  m_SizeDelta: {x: 0, y: 300}
  m_Pivot: {x: 0.5, y: 0.5}
--- !u!114 &1990371707
MonoBehaviour:
  m_ObjectHideFlags: 0
  m_CorrespondingSourceObject: {fileID: 0}
  m_PrefabInstance: {fileID: 0}
  m_PrefabAsset: {fileID: 0}
  m_GameObject: {fileID: 1990371705}
  m_Enabled: 1
  m_EditorHideFlags: 0
  m_Script: {fileID: 708705254, guid: f70555f144d8491a825f0804e09c671c, type: 3}
  m_Name: 
  m_EditorClassIdentifier: 
  m_Material: {fileID: 0}
  m_Color: {r: 1, g: 1, b: 1, a: 1}
  m_RaycastTarget: 1
  m_OnCullStateChanged:
    m_PersistentCalls:
      m_Calls: []
    m_TypeName: UnityEngine.UI.MaskableGraphic+CullStateChangedEvent, UnityEngine.UI,
      Version=1.0.0.0, Culture=neutral, PublicKeyToken=null
  m_FontData:
    m_Font: {fileID: 10102, guid: 0000000000000000e000000000000000, type: 0}
    m_FontSize: 20
    m_FontStyle: 0
    m_BestFit: 0
    m_MinSize: 2
    m_MaxSize: 40
    m_Alignment: 4
    m_AlignByGeometry: 0
    m_RichText: 1
    m_HorizontalOverflow: 0
    m_VerticalOverflow: 0
    m_LineSpacing: 1
  m_Text: "Pro spr\xE1vn\xE9 fungov\xE1n\xED aplikace pros\xEDm povolte p\u0159\xEDstup
    ke kame\u0159e."
--- !u!222 &1990371708
CanvasRenderer:
  m_ObjectHideFlags: 0
  m_CorrespondingSourceObject: {fileID: 0}
  m_PrefabInstance: {fileID: 0}
  m_PrefabAsset: {fileID: 0}
  m_GameObject: {fileID: 1990371705}
  m_CullTransparentMesh: 0
--- !u!1 &2065450564
GameObject:
  m_ObjectHideFlags: 0
  m_CorrespondingSourceObject: {fileID: 0}
  m_PrefabInstance: {fileID: 0}
  m_PrefabAsset: {fileID: 0}
  serializedVersion: 6
  m_Component:
  - component: {fileID: 2065450565}
  - component: {fileID: 2065450567}
  - component: {fileID: 2065450566}
  m_Layer: 0
  m_Name: Text
  m_TagString: Untagged
  m_Icon: {fileID: 0}
  m_NavMeshLayer: 0
  m_StaticEditorFlags: 0
  m_IsActive: 1
--- !u!224 &2065450565
RectTransform:
  m_ObjectHideFlags: 0
  m_CorrespondingSourceObject: {fileID: 0}
  m_PrefabInstance: {fileID: 0}
  m_PrefabAsset: {fileID: 0}
  m_GameObject: {fileID: 2065450564}
  m_LocalRotation: {x: 0, y: 0, z: 0, w: 1}
  m_LocalPosition: {x: 0, y: 0, z: 0}
  m_LocalScale: {x: 1, y: 1, z: 1}
  m_Children: []
  m_Father: {fileID: 600191218}
  m_RootOrder: 0
  m_LocalEulerAnglesHint: {x: 0, y: 0, z: 0}
  m_AnchorMin: {x: 0, y: 0}
  m_AnchorMax: {x: 1, y: 1}
  m_AnchoredPosition: {x: 0, y: 0}
  m_SizeDelta: {x: 0, y: 0}
  m_Pivot: {x: 0.5, y: 0.5}
--- !u!114 &2065450566
MonoBehaviour:
  m_ObjectHideFlags: 0
  m_CorrespondingSourceObject: {fileID: 0}
  m_PrefabInstance: {fileID: 0}
  m_PrefabAsset: {fileID: 0}
  m_GameObject: {fileID: 2065450564}
  m_Enabled: 1
  m_EditorHideFlags: 0
  m_Script: {fileID: 708705254, guid: f70555f144d8491a825f0804e09c671c, type: 3}
  m_Name: 
  m_EditorClassIdentifier: 
  m_Material: {fileID: 0}
  m_Color: {r: 0.19607843, g: 0.19607843, b: 0.19607843, a: 1}
  m_RaycastTarget: 1
  m_OnCullStateChanged:
    m_PersistentCalls:
      m_Calls: []
    m_TypeName: UnityEngine.UI.MaskableGraphic+CullStateChangedEvent, UnityEngine.UI,
      Version=1.0.0.0, Culture=neutral, PublicKeyToken=null
  m_FontData:
    m_Font: {fileID: 10102, guid: 0000000000000000e000000000000000, type: 0}
    m_FontSize: 14
    m_FontStyle: 0
    m_BestFit: 0
    m_MinSize: 10
    m_MaxSize: 40
    m_Alignment: 4
    m_AlignByGeometry: 0
    m_RichText: 1
    m_HorizontalOverflow: 0
    m_VerticalOverflow: 0
    m_LineSpacing: 1
  m_Text: Povolit
--- !u!222 &2065450567
CanvasRenderer:
  m_ObjectHideFlags: 0
  m_CorrespondingSourceObject: {fileID: 0}
  m_PrefabInstance: {fileID: 0}
  m_PrefabAsset: {fileID: 0}
  m_GameObject: {fileID: 2065450564}
  m_CullTransparentMesh: 0
--- !u!1001 &2125237746
PrefabInstance:
  m_ObjectHideFlags: 0
  serializedVersion: 2
  m_Modification:
    m_TransformParent: {fileID: 0}
    m_Modifications:
    - target: {fileID: 124326, guid: b58f1f87dc68947dfb9766f0cb9ec1fc, type: 3}
      propertyPath: m_Name
      value: WikitudeCamera
      objectReference: {fileID: 0}
    - target: {fileID: 458674, guid: b58f1f87dc68947dfb9766f0cb9ec1fc, type: 3}
      propertyPath: m_LocalPosition.x
      value: 0
      objectReference: {fileID: 0}
    - target: {fileID: 458674, guid: b58f1f87dc68947dfb9766f0cb9ec1fc, type: 3}
      propertyPath: m_LocalPosition.y
      value: 0.5
      objectReference: {fileID: 0}
    - target: {fileID: 458674, guid: b58f1f87dc68947dfb9766f0cb9ec1fc, type: 3}
      propertyPath: m_LocalPosition.z
      value: 35
      objectReference: {fileID: 0}
    - target: {fileID: 458674, guid: b58f1f87dc68947dfb9766f0cb9ec1fc, type: 3}
      propertyPath: m_LocalRotation.x
      value: 0
      objectReference: {fileID: 0}
    - target: {fileID: 458674, guid: b58f1f87dc68947dfb9766f0cb9ec1fc, type: 3}
      propertyPath: m_LocalRotation.y
      value: 0
      objectReference: {fileID: 0}
    - target: {fileID: 458674, guid: b58f1f87dc68947dfb9766f0cb9ec1fc, type: 3}
      propertyPath: m_LocalRotation.z
      value: 0
      objectReference: {fileID: 0}
    - target: {fileID: 458674, guid: b58f1f87dc68947dfb9766f0cb9ec1fc, type: 3}
      propertyPath: m_LocalRotation.w
      value: 1
      objectReference: {fileID: 0}
    - target: {fileID: 458674, guid: b58f1f87dc68947dfb9766f0cb9ec1fc, type: 3}
      propertyPath: m_RootOrder
      value: 0
      objectReference: {fileID: 0}
    - target: {fileID: 458674, guid: b58f1f87dc68947dfb9766f0cb9ec1fc, type: 3}
      propertyPath: m_LocalEulerAnglesHint.x
      value: 0
      objectReference: {fileID: 0}
    - target: {fileID: 458674, guid: b58f1f87dc68947dfb9766f0cb9ec1fc, type: 3}
      propertyPath: m_LocalEulerAnglesHint.y
      value: 0
      objectReference: {fileID: 0}
    - target: {fileID: 458674, guid: b58f1f87dc68947dfb9766f0cb9ec1fc, type: 3}
      propertyPath: m_LocalEulerAnglesHint.z
      value: 0
      objectReference: {fileID: 0}
    - target: {fileID: 11456902, guid: b58f1f87dc68947dfb9766f0cb9ec1fc, type: 3}
      propertyPath: _WikitudeLicenseKey
      value: SXYCwUW3YXTHMQdwbJIeRfE/dldneg5+QR7YduxgH5gpdUBWivtjhoCfq5bQrYoXjdvzVnwN5YRW5uAT4f3zq3C8W338qJybDuOWyg2IxJkuFojqOhThGBirMratGezGGs9mSuPWvKTLzxTcfrry+OVhVFs8jqNEd5PIrgNA7VpTYWx0ZWRfX1jo2sdqDSFBk+OhcpnLeopSgLnyaQRDc+rJU8uLJmU8csvXzRCt7/jBdCFXdD2pSkhMhKPthSU8kCC7mvFG2ofit601+nQkpKGZqslMmzldljGxg7njzXQyTg2Yd4fKGc8b8pzezTyYobwV/UMF46rv8RK0Cznqm8fFPBjotxXrIp69O++Ei3mFgO23S27m8/M8ghjepqb2D1iYzw76j3B2QL9l3hQ4D3kp/oXH1ISMdJfuI9Lc7OvY8I8SNAk/n73OcULS4fZt7FDdgcTqMuQSdM2rBIsKQJm+DNrrHKbq63fDvnSk4s7/+AcmyAUGpH0r8HRJjTblDO73+2tTVEq34Nf/SYCq7Pg7insXkPD7ZdzisrIXUn+xdDTSN4a0QgaJNVozJz/WGatFfunJHuQaaXQT33TTSkfD5HVPkplBajTdI/LgwhOllFzhFUpHSh6NFRDyixC6VXz7ACaTSGu4SvOfR1ryix64QKKIu/5IHt/mwkKkCm4+ppL+ohjszZp4uTXJMADKh4/0UOYahQjTTM5RYtiuAl6UnkLCQxN2CrWob58i+Uz0tbeTfpECzZg8qZR0ruQk+hCWRX7CT+CrSHmR7q/EAtqzH32x3AlNwssBpReRa8g=
      objectReference: {fileID: 0}
    m_RemovedComponents: []
  m_SourcePrefab: {fileID: 100100000, guid: b58f1f87dc68947dfb9766f0cb9ec1fc, type: 3}
--- !u!20 &2125237747 stripped
Camera:
  m_CorrespondingSourceObject: {fileID: 2057576, guid: b58f1f87dc68947dfb9766f0cb9ec1fc,
    type: 3}
  m_PrefabInstance: {fileID: 2125237746}
  m_PrefabAsset: {fileID: 0}
--- !u!4 &2125237748 stripped
Transform:
  m_CorrespondingSourceObject: {fileID: 458674, guid: b58f1f87dc68947dfb9766f0cb9ec1fc,
    type: 3}
  m_PrefabInstance: {fileID: 2125237746}
  m_PrefabAsset: {fileID: 0}
--- !u!1 &2146034867
GameObject:
  m_ObjectHideFlags: 0
  m_CorrespondingSourceObject: {fileID: 0}
  m_PrefabInstance: {fileID: 0}
  m_PrefabAsset: {fileID: 0}
  serializedVersion: 6
  m_Component:
  - component: {fileID: 2146034868}
  - component: {fileID: 2146034870}
  - component: {fileID: 2146034869}
  m_Layer: 0
  m_Name: Text
  m_TagString: Untagged
  m_Icon: {fileID: 0}
  m_NavMeshLayer: 0
  m_StaticEditorFlags: 0
  m_IsActive: 1
--- !u!224 &2146034868
RectTransform:
  m_ObjectHideFlags: 0
  m_CorrespondingSourceObject: {fileID: 0}
  m_PrefabInstance: {fileID: 0}
  m_PrefabAsset: {fileID: 0}
  m_GameObject: {fileID: 2146034867}
  m_LocalRotation: {x: 0, y: 0, z: 0, w: 1}
  m_LocalPosition: {x: 0, y: 0, z: 0}
  m_LocalScale: {x: 1, y: 1, z: 1}
  m_Children: []
  m_Father: {fileID: 926180430}
  m_RootOrder: 0
  m_LocalEulerAnglesHint: {x: 0, y: 0, z: 0}
  m_AnchorMin: {x: 0, y: 0}
  m_AnchorMax: {x: 1, y: 1}
  m_AnchoredPosition: {x: 0, y: 0}
  m_SizeDelta: {x: 0, y: 0}
  m_Pivot: {x: 0.5, y: 0.5}
--- !u!114 &2146034869
MonoBehaviour:
  m_ObjectHideFlags: 0
  m_CorrespondingSourceObject: {fileID: 0}
  m_PrefabInstance: {fileID: 0}
  m_PrefabAsset: {fileID: 0}
  m_GameObject: {fileID: 2146034867}
  m_Enabled: 1
  m_EditorHideFlags: 0
  m_Script: {fileID: 708705254, guid: f70555f144d8491a825f0804e09c671c, type: 3}
  m_Name: 
  m_EditorClassIdentifier: 
  m_Material: {fileID: 0}
  m_Color: {r: 0.19607843, g: 0.19607843, b: 0.19607843, a: 1}
  m_RaycastTarget: 1
  m_OnCullStateChanged:
    m_PersistentCalls:
      m_Calls: []
    m_TypeName: UnityEngine.UI.MaskableGraphic+CullStateChangedEvent, UnityEngine.UI,
      Version=1.0.0.0, Culture=neutral, PublicKeyToken=null
  m_FontData:
    m_Font: {fileID: 10102, guid: 0000000000000000e000000000000000, type: 0}
    m_FontSize: 14
    m_FontStyle: 0
    m_BestFit: 0
    m_MinSize: 10
    m_MaxSize: 40
    m_Alignment: 4
    m_AlignByGeometry: 0
    m_RichText: 1
    m_HorizontalOverflow: 0
    m_VerticalOverflow: 0
    m_LineSpacing: 1
  m_Text: "Ukon\u010Dit"
--- !u!222 &2146034870
CanvasRenderer:
  m_ObjectHideFlags: 0
  m_CorrespondingSourceObject: {fileID: 0}
  m_PrefabInstance: {fileID: 0}
  m_PrefabAsset: {fileID: 0}
  m_GameObject: {fileID: 2146034867}
  m_CullTransparentMesh: 0
